"Exness","Symbol","Timestamp","Bid","Ask"
"exness","BTCUSDm","2021-09-01 00:00:00.161Z",47078.06,47141.81
"exness","BTCUSDm","2021-09-01 00:00:01.187Z",47080.82,47141.28
"exness","BTCUSDm","2021-09-01 00:00:01.851Z",47070.34,47139.78
"exness","BTCUSDm","2021-09-01 00:00:02.694Z",47069.85,47139.65
"exness","BTCUSDm","2021-09-01 00:00:03.702Z",47067.64,47138.26
"exness","BTCUSDm","2021-09-01 00:00:04.764Z",47071.69,47139.86
"exness","BTCUSDm","2021-09-01 00:00:05.766Z",47070.59,47140.45
"exness","BTCUSDm","2021-09-01 00:00:07.239Z",47062.83,47137.01
"exness","BTCUSDm","2021-09-01 00:00:08.268Z",47063.02,47134.5
"exness","BTCUSDm","2021-09-01 00:00:08.910Z",47065.75,47138.73
"exness","BTCUSDm","2021-09-01 00:00:09.969Z",47070.07,47137.2
"exness","BTCUSDm","2021-09-01 00:00:11.024Z",47065.61,47142.24
"exness","BTCUSDm","2021-09-01 00:00:12.033Z",47072.72,47133.5
"exness","BTCUSDm","2021-09-01 00:00:13.065Z",47072.92,47133.15
"exness","BTCUSDm","2021-09-01 00:00:14.067Z",47068.7,47132.21
"exness","BTCUSDm","2021-09-01 00:00:15.039Z",47071.91,47134.75
"exness","BTCUSDm","2021-09-01 00:00:16.069Z",47074.11,47133.26
"exness","BTCUSDm","2021-09-01 00:00:16.725Z",47068.27,47133.58
"exness","BTCUSDm","2021-09-01 00:00:17.618Z",47063.09,47132.49
"exness","BTCUSDm","2021-09-01 00:00:18.643Z",47061.19,47130.34
"exness","BTCUSDm","2021-09-01 00:00:19.292Z",47063.75,47134.43
"exness","BTCUSDm","2021-09-01 00:00:20.260Z",47059,47132.23
"exness","BTCUSDm","2021-09-01 00:00:21.268Z",47057.72,47131.71
"exness","BTCUSDm","2021-09-01 00:00:22.269Z",47062.14,47133.84
"exness","BTCUSDm","2021-09-01 00:00:23.563Z",47064.78,47131.47
"exness","BTCUSDm","2021-09-01 00:00:24.406Z",47060.55,47129.37
"exness","BTCUSDm","2021-09-01 00:00:25.415Z",47061.4,47126.36
"exness","BTCUSDm","2021-09-01 00:00:26.389Z",47056.95,47124.72
"exness","BTCUSDm","2021-09-01 00:00:27.219Z",47053.41,47121.37
"exness","BTCUSDm","2021-09-01 00:00:27.461Z",47040.17,47120.51
"exness","BTCUSDm","2021-09-01 00:00:27.941Z",47051.68,47121.08
"exness","BTCUSDm","2021-09-01 00:00:28.842Z",47047.65,47118.4
"exness","BTCUSDm","2021-09-01 00:00:30.349Z",47049.83,47116.86
"exness","BTCUSDm","2021-09-01 00:00:30.949Z",47050.39,47122.68
"exness","BTCUSDm","2021-09-01 00:00:31.741Z",47054.01,47126.11
"exness","BTCUSDm","2021-09-01 00:00:32.866Z",47054.37,47121.32
"exness","BTCUSDm","2021-09-01 00:00:33.892Z",47057.01,47120.51
"exness","BTCUSDm","2021-09-01 00:00:34.899Z",47058.58,47118.87
"exness","BTCUSDm","2021-09-01 00:00:35.524Z",47055.21,47116.77
"exness","BTCUSDm","2021-09-01 00:00:36.543Z",47055.61,47115.43
"exness","BTCUSDm","2021-09-01 00:00:37.562Z",47056.76,47115.7
"exness","BTCUSDm","2021-09-01 00:00:38.448Z",47060.87,47122.33
"exness","BTCUSDm","2021-09-01 00:00:38.814Z",47062.98,47131.93
"exness","BTCUSDm","2021-09-01 00:00:39.412Z",47064,47131.78
"exness","BTCUSDm","2021-09-01 00:00:40.784Z",47060.61,47125.85
"exness","BTCUSDm","2021-09-01 00:00:41.834Z",47061.42,47124.12
"exness","BTCUSDm","2021-09-01 00:00:42.834Z",47063.11,47124.6
"exness","BTCUSDm","2021-09-01 00:00:43.841Z",47065.01,47125.46
"exness","BTCUSDm","2021-09-01 00:00:44.873Z",47065.28,47122.59
"exness","BTCUSDm","2021-09-01 00:00:45.889Z",47061.09,47122.72
"exness","BTCUSDm","2021-09-01 00:00:46.916Z",47063.14,47121.91
"exness","BTCUSDm","2021-09-01 00:00:47.444Z",47063.69,47126.67
"exness","BTCUSDm","2021-09-01 00:00:48.171Z",47059.74,47124.78
"exness","BTCUSDm","2021-09-01 00:00:49.008Z",47055.47,47122.95
"exness","BTCUSDm","2021-09-01 00:00:50.019Z",47055.86,47118.36
"exness","BTCUSDm","2021-09-01 00:00:50.630Z",47050.19,47118.27
"exness","BTCUSDm","2021-09-01 00:00:51.079Z",47037.86,47116.47
"exness","BTCUSDm","2021-09-01 00:00:51.865Z",47046.32,47112.75
"exness","BTCUSDm","2021-09-01 00:00:52.842Z",47052.11,47119.1
"exness","BTCUSDm","2021-09-01 00:00:53.445Z",47041.45,47122.02
"exness","BTCUSDm","2021-09-01 00:00:53.688Z",47024.53,47121.52
"exness","BTCUSDm","2021-09-01 00:00:54.768Z",47036.38,47109.78
"exness","BTCUSDm","2021-09-01 00:00:55.479Z",47040.3,47120.5
"exness","BTCUSDm","2021-09-01 00:00:56.321Z",47043.7,47134.15
"exness","BTCUSDm","2021-09-01 00:00:57.360Z",47052.83,47130.15
"exness","BTCUSDm","2021-09-01 00:00:57.882Z",47052.72,47124.1
"exness","BTCUSDm","2021-09-01 00:00:58.613Z",47041.65,47120.75
"exness","BTCUSDm","2021-09-01 00:00:59.264Z",47039.28,47115.81
"exness","BTCUSDm","2021-09-01 00:00:59.927Z",47025.11,47113.69
"exness","BTCUSDm","2021-09-01 00:01:00.628Z",47029.54,47104.78
"exness","BTCUSDm","2021-09-01 00:01:00.772Z",47031.81,47118.47
"exness","BTCUSDm","2021-09-01 00:01:02.027Z",47043.75,47121.89
"exness","BTCUSDm","2021-09-01 00:01:03.029Z",47048.07,47120.43
"exness","BTCUSDm","2021-09-01 00:01:04.069Z",47048.96,47117.31
"exness","BTCUSDm","2021-09-01 00:01:05.414Z",47045.63,47110.72
"exness","BTCUSDm","2021-09-01 00:01:06.059Z",47046.9,47115.59
"exness","BTCUSDm","2021-09-01 00:01:07.071Z",47049.23,47112.2
"exness","BTCUSDm","2021-09-01 00:01:08.071Z",47049.23,47110.14
"exness","BTCUSDm","2021-09-01 00:01:09.110Z",47049.09,47109.45
"exness","BTCUSDm","2021-09-01 00:01:10.131Z",47049.73,47111.67
"exness","BTCUSDm","2021-09-01 00:01:10.610Z",47038.02,47110.89
"exness","BTCUSDm","2021-09-01 00:01:11.276Z",47030.96,47110.12
"exness","BTCUSDm","2021-09-01 00:01:11.284Z",47011.6,47111.69
"exness","BTCUSDm","2021-09-01 00:01:12.555Z",47010.2,47099.63
"exness","BTCUSDm","2021-09-01 00:01:13.139Z",47023.71,47100.81
"exness","BTCUSDm","2021-09-01 00:01:13.509Z",47015.41,47094.9
"exness","BTCUSDm","2021-09-01 00:01:14.091Z",47014.76,47095.25
"exness","BTCUSDm","2021-09-01 00:01:15.108Z",47021.26,47093.68
"exness","BTCUSDm","2021-09-01 00:01:16.161Z",47019.89,47096.31
"exness","BTCUSDm","2021-09-01 00:01:16.191Z",47018.31,47114.82
"exness","BTCUSDm","2021-09-01 00:01:16.195Z",47018.52,47136.91
"exness","BTCUSDm","2021-09-01 00:01:16.791Z",47030.73,47133.79
"exness","BTCUSDm","2021-09-01 00:01:17.395Z",47038.84,47120.26
"exness","BTCUSDm","2021-09-01 00:01:18.357Z",47040.64,47112.65
"exness","BTCUSDm","2021-09-01 00:01:19.365Z",47038.2,47115.87
"exness","BTCUSDm","2021-09-01 00:01:19.599Z",47040.69,47130.46
"exness","BTCUSDm","2021-09-01 00:01:20.445Z",47039.8,47131.83
"exness","BTCUSDm","2021-09-01 00:01:21.050Z",47055.2,47128.94
"exness","BTCUSDm","2021-09-01 00:01:22.545Z",47049.06,47122.2
"exness","BTCUSDm","2021-09-01 00:01:23.575Z",47049.03,47118.21
"exness","BTCUSDm","2021-09-01 00:01:24.357Z",47046.92,47114.18
"exness","BTCUSDm","2021-09-01 00:01:25.371Z",47049.18,47111.32
"exness","BTCUSDm","2021-09-01 00:01:26.365Z",47051.39,47111.36
"exness","BTCUSDm","2021-09-01 00:01:26.896Z",47040.59,47110.53
"exness","BTCUSDm","2021-09-01 00:01:27.902Z",47039.53,47108.12
"exness","BTCUSDm","2021-09-01 00:01:28.546Z",47041.91,47119.54
"exness","BTCUSDm","2021-09-01 00:01:29.155Z",47044.57,47111.86
"exness","BTCUSDm","2021-09-01 00:01:30.174Z",47047.64,47107.86
"exness","BTCUSDm","2021-09-01 00:01:30.951Z",47048.23,47112.76
"exness","BTCUSDm","2021-09-01 00:01:31.968Z",47052.78,47112.45
"exness","BTCUSDm","2021-09-01 00:01:33.021Z",47052.51,47118.22
"exness","BTCUSDm","2021-09-01 00:01:33.542Z",47042.84,47121.22
"exness","BTCUSDm","2021-09-01 00:01:33.895Z",47033.47,47114.98
"exness","BTCUSDm","2021-09-01 00:01:34.911Z",47040.05,47110.42
"exness","BTCUSDm","2021-09-01 00:01:35.970Z",47043.31,47113.08
"exness","BTCUSDm","2021-09-01 00:01:36.348Z",47045.61,47125.04
"exness","BTCUSDm","2021-09-01 00:01:36.956Z",47049.01,47138.84
"exness","BTCUSDm","2021-09-01 00:01:37.793Z",47053.38,47128.78
"exness","BTCUSDm","2021-09-01 00:01:38.815Z",47055.18,47123.87
"exness","BTCUSDm","2021-09-01 00:01:39.533Z",47054.84,47118.86
"exness","BTCUSDm","2021-09-01 00:01:40.148Z",47048.05,47119.54
"exness","BTCUSDm","2021-09-01 00:01:40.975Z",47053.66,47128.4
"exness","BTCUSDm","2021-09-01 00:01:41.976Z",47055.06,47129.77
"exness","BTCUSDm","2021-09-01 00:01:43.007Z",47050.64,47126.85
"exness","BTCUSDm","2021-09-01 00:01:44.032Z",47047.81,47125.61
"exness","BTCUSDm","2021-09-01 00:01:44.930Z",47042.81,47122.77
"exness","BTCUSDm","2021-09-01 00:01:45.652Z",47038.55,47118.97
"exness","BTCUSDm","2021-09-01 00:01:46.264Z",47043.13,47122.37
"exness","BTCUSDm","2021-09-01 00:01:47.637Z",47049.03,47122.26
"exness","BTCUSDm","2021-09-01 00:01:48.657Z",47049.77,47118.44
"exness","BTCUSDm","2021-09-01 00:01:49.665Z",47048.84,47115.43
"exness","BTCUSDm","2021-09-01 00:01:50.753Z",47047.53,47115.72
"exness","BTCUSDm","2021-09-01 00:01:52.245Z",47050.1,47121.01
"exness","BTCUSDm","2021-09-01 00:01:53.281Z",47047.15,47118.93
"exness","BTCUSDm","2021-09-01 00:01:54.268Z",47048.7,47116.18
"exness","BTCUSDm","2021-09-01 00:01:55.270Z",47046.37,47115.44
"exness","BTCUSDm","2021-09-01 00:01:56.352Z",47048.91,47115.68
"exness","BTCUSDm","2021-09-01 00:01:57.185Z",47040.09,47111.75
"exness","BTCUSDm","2021-09-01 00:01:57.615Z",47026.26,47110.75
"exness","BTCUSDm","2021-09-01 00:01:58.661Z",47027.92,47109.15
"exness","BTCUSDm","2021-09-01 00:01:59.339Z",47032.15,47121.78
"exness","BTCUSDm","2021-09-01 00:02:00.081Z",47036.21,47137.94
"exness","BTCUSDm","2021-09-01 00:02:00.686Z",47047.28,47128.19
"exness","BTCUSDm","2021-09-01 00:02:01.297Z",47050.9,47132.75
"exness","BTCUSDm","2021-09-01 00:02:02.314Z",47055.45,47130.8
"exness","BTCUSDm","2021-09-01 00:02:03.867Z",47061.6,47132.62
"exness","BTCUSDm","2021-09-01 00:02:04.497Z",47058.16,47129.19
"exness","BTCUSDm","2021-09-01 00:02:05.507Z",47056.78,47126.44
"exness","BTCUSDm","2021-09-01 00:02:05.871Z",47047.05,47122.01
"exness","BTCUSDm","2021-09-01 00:02:06.182Z",47033.46,47119.62
"exness","BTCUSDm","2021-09-01 00:02:06.187Z",47010.94,47122.08
"exness","BTCUSDm","2021-09-01 00:02:06.907Z",47012.62,47102.68
"exness","BTCUSDm","2021-09-01 00:02:07.804Z",47024.36,47095.56
"exness","BTCUSDm","2021-09-01 00:02:08.277Z",47027.72,47106.54
"exness","BTCUSDm","2021-09-01 00:02:09.005Z",47036.21,47102.81
"exness","BTCUSDm","2021-09-01 00:02:09.566Z",47037.49,47107.85
"exness","BTCUSDm","2021-09-01 00:02:10.147Z",47036.65,47102.91
"exness","BTCUSDm","2021-09-01 00:02:10.500Z",47024.88,47101.54
"exness","BTCUSDm","2021-09-01 00:02:10.744Z",47010.01,47100.3
"exness","BTCUSDm","2021-09-01 00:02:11.581Z",47016.46,47093.06
"exness","BTCUSDm","2021-09-01 00:02:12.607Z",47019.79,47090.68
"exness","BTCUSDm","2021-09-01 00:02:13.371Z",47014.01,47088.78
"exness","BTCUSDm","2021-09-01 00:02:13.504Z",46994.63,47091.5
"exness","BTCUSDm","2021-09-01 00:02:14.764Z",47003.58,47075.9
"exness","BTCUSDm","2021-09-01 00:02:15.117Z",46988.67,47075.43
"exness","BTCUSDm","2021-09-01 00:02:15.843Z",46999.93,47076.91
"exness","BTCUSDm","2021-09-01 00:02:16.260Z",46991.61,47070.72
"exness","BTCUSDm","2021-09-01 00:02:16.382Z",46974.77,47070.27
"exness","BTCUSDm","2021-09-01 00:02:16.876Z",46980.26,47062.2
"exness","BTCUSDm","2021-09-01 00:02:17.931Z",46982.48,47055.35
"exness","BTCUSDm","2021-09-01 00:02:18.973Z",46984.38,47049.69
"exness","BTCUSDm","2021-09-01 00:02:19.620Z",46988.04,47058.6
"exness","BTCUSDm","2021-09-01 00:02:20.131Z",46972.34,47064.55
"exness","BTCUSDm","2021-09-01 00:02:20.455Z",46962.83,47055.53
"exness","BTCUSDm","2021-09-01 00:02:20.942Z",46978.5,47051.93
"exness","BTCUSDm","2021-09-01 00:02:21.533Z",46969.07,47047.47
"exness","BTCUSDm","2021-09-01 00:02:23.020Z",46963.65,47040.09
"exness","BTCUSDm","2021-09-01 00:02:24.028Z",46965.76,47034.65
"exness","BTCUSDm","2021-09-01 00:02:25.070Z",46965.14,47029.8
"exness","BTCUSDm","2021-09-01 00:02:25.475Z",46967.39,47040.53
"exness","BTCUSDm","2021-09-01 00:02:25.976Z",46963.02,47037.49
"exness","BTCUSDm","2021-09-01 00:02:26.589Z",46962.94,47036.29
"exness","BTCUSDm","2021-09-01 00:02:26.941Z",46967.81,47046.53
"exness","BTCUSDm","2021-09-01 00:02:27.554Z",46958.33,47040.49
"exness","BTCUSDm","2021-09-01 00:02:28.580Z",46965.15,47034.31
"exness","BTCUSDm","2021-09-01 00:02:29.111Z",46960.18,47032.62
"exness","BTCUSDm","2021-09-01 00:02:29.237Z",46948.21,47029.91
"exness","BTCUSDm","2021-09-01 00:02:30.079Z",46961.16,47029.79
"exness","BTCUSDm","2021-09-01 00:02:30.194Z",46946.68,47029.88
"exness","BTCUSDm","2021-09-01 00:02:30.438Z",46930.27,47028.08
"exness","BTCUSDm","2021-09-01 00:02:31.198Z",46936.39,47016.23
"exness","BTCUSDm","2021-09-01 00:02:32.033Z",46941.74,47018.01
"exness","BTCUSDm","2021-09-01 00:02:32.880Z",46950.22,47024.09
"exness","BTCUSDm","2021-09-01 00:02:33.617Z",46943.1,47018.49
"exness","BTCUSDm","2021-09-01 00:02:33.971Z",46946.33,47030.37
"exness","BTCUSDm","2021-09-01 00:02:34.159Z",46947.46,47047.46
"exness","BTCUSDm","2021-09-01 00:02:34.860Z",46965.09,47045.08
"exness","BTCUSDm","2021-09-01 00:02:35.476Z",46970.03,47054.98
"exness","BTCUSDm","2021-09-01 00:02:35.836Z",46981.36,47058.33
"exness","BTCUSDm","2021-09-01 00:02:36.379Z",46988.19,47057.09
"exness","BTCUSDm","2021-09-01 00:02:36.844Z",46978.23,47055.59
"exness","BTCUSDm","2021-09-01 00:02:37.266Z",46985.16,47063.39
"exness","BTCUSDm","2021-09-01 00:02:38.022Z",46977.74,47051
"exness","BTCUSDm","2021-09-01 00:02:39.037Z",46982.41,47051.23
"exness","BTCUSDm","2021-09-01 00:02:40.268Z",46979.35,47049.91
"exness","BTCUSDm","2021-09-01 00:02:41.274Z",46983.03,47045.33
"exness","BTCUSDm","2021-09-01 00:02:41.412Z",46980.54,47061.15
"exness","BTCUSDm","2021-09-01 00:02:42.067Z",46971.38,47055.98
"exness","BTCUSDm","2021-09-01 00:02:42.672Z",46979.79,47044.21
"exness","BTCUSDm","2021-09-01 00:02:43.268Z",46972.84,47039
"exness","BTCUSDm","2021-09-01 00:02:43.289Z",46955.86,47041.91
"exness","BTCUSDm","2021-09-01 00:02:44.350Z",46956.87,47027.49
"exness","BTCUSDm","2021-09-01 00:02:44.480Z",46938.69,47030.4
"exness","BTCUSDm","2021-09-01 00:02:45.503Z",46941.23,47022.33
"exness","BTCUSDm","2021-09-01 00:02:46.517Z",46944.8,47017.35
"exness","BTCUSDm","2021-09-01 00:02:47.521Z",46948.4,47012.54
"exness","BTCUSDm","2021-09-01 00:02:48.087Z",46943.2,47011.75
"exness","BTCUSDm","2021-09-01 00:02:49.639Z",46951.1,47013.95
"exness","BTCUSDm","2021-09-01 00:02:50.455Z",46947.45,47011.75
"exness","BTCUSDm","2021-09-01 00:02:51.472Z",46951.15,47010.72
"exness","BTCUSDm","2021-09-01 00:02:52.019Z",46939.4,47010.97
"exness","BTCUSDm","2021-09-01 00:02:52.264Z",46923.72,47011.69
"exness","BTCUSDm","2021-09-01 00:02:53.539Z",46931.58,46996.06
"exness","BTCUSDm","2021-09-01 00:02:53.746Z",46934.31,47004.84
"exness","BTCUSDm","2021-09-01 00:02:53.819Z",46936.72,47017.2
"exness","BTCUSDm","2021-09-01 00:02:54.548Z",46937.56,47017.53
"exness","BTCUSDm","2021-09-01 00:02:55.422Z",46930.93,47010.27
"exness","BTCUSDm","2021-09-01 00:02:56.472Z",46932.09,47002.87
"exness","BTCUSDm","2021-09-01 00:02:57.489Z",46930.25,47001.04
"exness","BTCUSDm","2021-09-01 00:02:58.150Z",46935.23,47002
"exness","BTCUSDm","2021-09-01 00:02:58.753Z",46927.71,46997.12
"exness","BTCUSDm","2021-09-01 00:02:59.770Z",46929.9,46996.3
"exness","BTCUSDm","2021-09-01 00:03:00.370Z",46933.26,46999.07
"exness","BTCUSDm","2021-09-01 00:03:00.963Z",46935.46,47003.13
"exness","BTCUSDm","2021-09-01 00:03:01.641Z",46929.31,46997.92
"exness","BTCUSDm","2021-09-01 00:03:02.117Z",46912.79,46998.78
"exness","BTCUSDm","2021-09-01 00:03:02.457Z",46924.29,46998.73
"exness","BTCUSDm","2021-09-01 00:03:03.078Z",46929.37,47008.9
"exness","BTCUSDm","2021-09-01 00:03:03.737Z",46922.03,47007.82
"exness","BTCUSDm","2021-09-01 00:03:03.741Z",46903.7,47007.22
"exness","BTCUSDm","2021-09-01 00:03:04.992Z",46905.44,46988.29
"exness","BTCUSDm","2021-09-01 00:03:06.004Z",46912.3,46986.75
"exness","BTCUSDm","2021-09-01 00:03:06.561Z",46919.31,46985.09
"exness","BTCUSDm","2021-09-01 00:03:07.212Z",46915.07,46983.11
"exness","BTCUSDm","2021-09-01 00:03:08.105Z",46918.87,46985.42
"exness","BTCUSDm","2021-09-01 00:03:08.586Z",46916.37,46992.92
"exness","BTCUSDm","2021-09-01 00:03:09.171Z",46914.25,46993.62
"exness","BTCUSDm","2021-09-01 00:03:10.034Z",46917.83,46996.73
"exness","BTCUSDm","2021-09-01 00:03:11.043Z",46922.47,46996.13
"exness","BTCUSDm","2021-09-01 00:03:12.569Z",46922.98,46994.32
"exness","BTCUSDm","2021-09-01 00:03:13.633Z",46923.41,46993.08
"exness","BTCUSDm","2021-09-01 00:03:13.923Z",46909.9,46998.79
"exness","BTCUSDm","2021-09-01 00:03:15.364Z",46911.03,46986.73
"exness","BTCUSDm","2021-09-01 00:03:16.349Z",46903.91,46987.55
"exness","BTCUSDm","2021-09-01 00:03:16.453Z",46890.68,46985.3
"exness","BTCUSDm","2021-09-01 00:03:16.942Z",46876.57,46980.66
"exness","BTCUSDm","2021-09-01 00:03:18.388Z",46887.79,46970.4
"exness","BTCUSDm","2021-09-01 00:03:18.466Z",46890.86,46962.99
"exness","BTCUSDm","2021-09-01 00:03:19.221Z",46895.07,46963.55
"exness","BTCUSDm","2021-09-01 00:03:19.684Z",46895.91,46974
"exness","BTCUSDm","2021-09-01 00:03:20.735Z",46894.17,46970.96
"exness","BTCUSDm","2021-09-01 00:03:21.305Z",46890.48,46968.29
"exness","BTCUSDm","2021-09-01 00:03:21.577Z",46879.73,46964.96
"exness","BTCUSDm","2021-09-01 00:03:21.638Z",46860.23,46967.57
"exness","BTCUSDm","2021-09-01 00:03:22.149Z",46848.3,46958.56
"exness","BTCUSDm","2021-09-01 00:03:22.272Z",46828.48,46955.38
"exness","BTCUSDm","2021-09-01 00:03:22.642Z",46851.69,46946.19
"exness","BTCUSDm","2021-09-01 00:03:23.423Z",46847.02,46942.17
"exness","BTCUSDm","2021-09-01 00:03:24.009Z",46843.9,46937.05
"exness","BTCUSDm","2021-09-01 00:03:24.737Z",46852.42,46940.61
"exness","BTCUSDm","2021-09-01 00:03:24.788Z",46851.18,46959.69
"exness","BTCUSDm","2021-09-01 00:03:25.278Z",46865.6,46961.85
"exness","BTCUSDm","2021-09-01 00:03:26.241Z",46877.7,46957.17
"exness","BTCUSDm","2021-09-01 00:03:26.794Z",46881.34,46967.9
"exness","BTCUSDm","2021-09-01 00:03:27.103Z",46869.93,46963.38
"exness","BTCUSDm","2021-09-01 00:03:27.740Z",46877.3,46951.89
"exness","BTCUSDm","2021-09-01 00:03:29.149Z",46882.51,46956.13
"exness","BTCUSDm","2021-09-01 00:03:29.699Z",46877.36,46954.81
"exness","BTCUSDm","2021-09-01 00:03:29.942Z",46869.55,46949.87
"exness","BTCUSDm","2021-09-01 00:03:30.308Z",46859.28,46946.27
"exness","BTCUSDm","2021-09-01 00:03:31.673Z",46860.79,46936.17
"exness","BTCUSDm","2021-09-01 00:03:32.413Z",46856.34,46940.24
"exness","BTCUSDm","2021-09-01 00:03:33.468Z",46857.95,46936.05
"exness","BTCUSDm","2021-09-01 00:03:34.218Z",46847.61,46932.48
"exness","BTCUSDm","2021-09-01 00:03:34.578Z",46832.97,46931.13
"exness","BTCUSDm","2021-09-01 00:03:35.633Z",46835.27,46923.23
"exness","BTCUSDm","2021-09-01 00:03:36.655Z",46834.27,46918.34
"exness","BTCUSDm","2021-09-01 00:03:37.373Z",46841.02,46916.76
"exness","BTCUSDm","2021-09-01 00:03:37.866Z",46844.08,46926.71
"exness","BTCUSDm","2021-09-01 00:03:37.980Z",46843.29,46942.9
"exness","BTCUSDm","2021-09-01 00:03:39.224Z",46857.12,46940.49
"exness","BTCUSDm","2021-09-01 00:03:39.849Z",46864.07,46946.58
"exness","BTCUSDm","2021-09-01 00:03:40.072Z",46867.22,46957.7
"exness","BTCUSDm","2021-09-01 00:03:40.787Z",46878.1,46960.12
"exness","BTCUSDm","2021-09-01 00:03:41.569Z",46875.15,46956.22
"exness","BTCUSDm","2021-09-01 00:03:42.050Z",46863.2,46953.25
"exness","BTCUSDm","2021-09-01 00:03:42.894Z",46864.73,46945.91
"exness","BTCUSDm","2021-09-01 00:03:42.900Z",46851.88,46943.8
"exness","BTCUSDm","2021-09-01 00:03:43.437Z",46849.79,46938.37
"exness","BTCUSDm","2021-09-01 00:03:43.559Z",46833.4,46937.55
"exness","BTCUSDm","2021-09-01 00:03:44.389Z",46846.44,46928.91
"exness","BTCUSDm","2021-09-01 00:03:44.993Z",46834.92,46925.9
"exness","BTCUSDm","2021-09-01 00:03:45.598Z",46834.28,46919.78
"exness","BTCUSDm","2021-09-01 00:03:46.615Z",46836.49,46917.55
"exness","BTCUSDm","2021-09-01 00:03:47.204Z",46839.9,46921.17
"exness","BTCUSDm","2021-09-01 00:03:48.471Z",46848.84,46922.84
"exness","BTCUSDm","2021-09-01 00:03:49.473Z",46846.48,46920.15
"exness","BTCUSDm","2021-09-01 00:03:50.503Z",46844.38,46918.19
"exness","BTCUSDm","2021-09-01 00:03:50.866Z",46831.19,46918.53
"exness","BTCUSDm","2021-09-01 00:03:51.826Z",46835.57,46910.78
"exness","BTCUSDm","2021-09-01 00:03:52.548Z",46839.18,46912.94
"exness","BTCUSDm","2021-09-01 00:03:53.569Z",46840.12,46910.07
"exness","BTCUSDm","2021-09-01 00:03:54.564Z",46841.83,46909.09
"exness","BTCUSDm","2021-09-01 00:03:54.786Z",46840.36,46921.82
"exness","BTCUSDm","2021-09-01 00:03:55.137Z",46844.53,46932.28
"exness","BTCUSDm","2021-09-01 00:03:55.617Z",46853.07,46937.9
"exness","BTCUSDm","2021-09-01 00:03:56.621Z",46860.68,46933.23
"exness","BTCUSDm","2021-09-01 00:03:57.672Z",46858.24,46931.03
"exness","BTCUSDm","2021-09-01 00:03:58.655Z",46855.39,46928.09
"exness","BTCUSDm","2021-09-01 00:03:59.590Z",46853.76,46935.64
"exness","BTCUSDm","2021-09-01 00:03:59.787Z",46852.91,46952.04
"exness","BTCUSDm","2021-09-01 00:04:00.066Z",46859.96,46964.31
"exness","BTCUSDm","2021-09-01 00:04:00.657Z",46868.63,46962.96
"exness","BTCUSDm","2021-09-01 00:04:01.512Z",46881.41,46972.29
"exness","BTCUSDm","2021-09-01 00:04:02.514Z",46895.15,46970.46
"exness","BTCUSDm","2021-09-01 00:04:03.522Z",46898.67,46968.02
"exness","BTCUSDm","2021-09-01 00:04:04.206Z",46887.03,46968.14
"exness","BTCUSDm","2021-09-01 00:04:05.074Z",46890.71,46971.22
"exness","BTCUSDm","2021-09-01 00:04:05.295Z",46895.5,46979.06
"exness","BTCUSDm","2021-09-01 00:04:06.342Z",46904.01,46981.56
"exness","BTCUSDm","2021-09-01 00:04:06.968Z",46905.01,46986.99
"exness","BTCUSDm","2021-09-01 00:04:08.042Z",46910.43,46983.37
"exness","BTCUSDm","2021-09-01 00:04:09.274Z",46912.64,46977.41
"exness","BTCUSDm","2021-09-01 00:04:10.475Z",46913.96,46979.51
"exness","BTCUSDm","2021-09-01 00:04:10.931Z",46911.5,46986.98
"exness","BTCUSDm","2021-09-01 00:04:11.876Z",46911.24,46982.25
"exness","BTCUSDm","2021-09-01 00:04:12.956Z",46911.69,46980.4
"exness","BTCUSDm","2021-09-01 00:04:13.583Z",46909.57,46988.5
"exness","BTCUSDm","2021-09-01 00:04:13.588Z",46906.73,47006.65
"exness","BTCUSDm","2021-09-01 00:04:13.688Z",46908.54,47025
"exness","BTCUSDm","2021-09-01 00:04:13.812Z",46915.26,47042.05
"exness","BTCUSDm","2021-09-01 00:04:14.220Z",46936.6,47028.22
"exness","BTCUSDm","2021-09-01 00:04:14.820Z",46940.98,47025.36
"exness","BTCUSDm","2021-09-01 00:04:15.053Z",46943.11,47038.9
"exness","BTCUSDm","2021-09-01 00:04:15.903Z",46948.28,47028.67
"exness","BTCUSDm","2021-09-01 00:04:16.921Z",46946.7,47024.54
"exness","BTCUSDm","2021-09-01 00:04:17.634Z",46939.57,47032.4
"exness","BTCUSDm","2021-09-01 00:04:18.539Z",46932.37,47038.56
"exness","BTCUSDm","2021-09-01 00:04:19.040Z",46942.14,47035.78
"exness","BTCUSDm","2021-09-01 00:04:20.067Z",46947.41,47026.15
"exness","BTCUSDm","2021-09-01 00:04:20.635Z",46938.33,47028.38
"exness","BTCUSDm","2021-09-01 00:04:21.924Z",46943.23,47022.09
"exness","BTCUSDm","2021-09-01 00:04:22.432Z",46946.16,47025.92
"exness","BTCUSDm","2021-09-01 00:04:22.670Z",46950.01,47035.73
"exness","BTCUSDm","2021-09-01 00:04:23.929Z",46951.94,47035.3
"exness","BTCUSDm","2021-09-01 00:04:24.966Z",46956.74,47031.41
"exness","BTCUSDm","2021-09-01 00:04:26.023Z",46958.89,47027.39
"exness","BTCUSDm","2021-09-01 00:04:26.886Z",46955.87,47025.11
"exness","BTCUSDm","2021-09-01 00:04:27.715Z",46953,47028.81
"exness","BTCUSDm","2021-09-01 00:04:28.564Z",46947.42,47028.18
"exness","BTCUSDm","2021-09-01 00:04:29.581Z",46953.38,47026.83
"exness","BTCUSDm","2021-09-01 00:04:30.059Z",46942.83,47025.31
"exness","BTCUSDm","2021-09-01 00:04:31.070Z",46946.73,47021.97
"exness","BTCUSDm","2021-09-01 00:04:31.919Z",46945.44,47017.88
"exness","BTCUSDm","2021-09-01 00:04:33.004Z",46944.88,47016.64
"exness","BTCUSDm","2021-09-01 00:04:34.011Z",46946.8,47014.68
"exness","BTCUSDm","2021-09-01 00:04:35.010Z",46945.25,47011.71
"exness","BTCUSDm","2021-09-01 00:04:35.282Z",46943.96,47024.2
"exness","BTCUSDm","2021-09-01 00:04:35.287Z",46942,47040.97
"exness","BTCUSDm","2021-09-01 00:04:36.574Z",46952.82,47033.48
"exness","BTCUSDm","2021-09-01 00:04:37.685Z",46949.3,47025.09
"exness","BTCUSDm","2021-09-01 00:04:38.039Z",46949.93,47038.01
"exness","BTCUSDm","2021-09-01 00:04:38.579Z",46960.62,47040.82
"exness","BTCUSDm","2021-09-01 00:04:39.658Z",46964.77,47035.42
"exness","BTCUSDm","2021-09-01 00:04:40.271Z",46961.25,47033.3
"exness","BTCUSDm","2021-09-01 00:04:41.270Z",46961.57,47030.66
"exness","BTCUSDm","2021-09-01 00:04:41.769Z",46949.33,47031.35
"exness","BTCUSDm","2021-09-01 00:04:42.486Z",46952.58,47035.21
"exness","BTCUSDm","2021-09-01 00:04:42.963Z",46956.56,47046.15
"exness","BTCUSDm","2021-09-01 00:04:43.572Z",46964.15,47053.93
"exness","BTCUSDm","2021-09-01 00:04:43.577Z",46963.05,47072.92
"exness","BTCUSDm","2021-09-01 00:04:44.462Z",46976.06,47065.12
"exness","BTCUSDm","2021-09-01 00:04:45.302Z",46978.02,47057.67
"exness","BTCUSDm","2021-09-01 00:04:45.844Z",46983.01,47058.27
"exness","BTCUSDm","2021-09-01 00:04:46.437Z",46976.55,47064.16
"exness","BTCUSDm","2021-09-01 00:04:47.451Z",46983.84,47059.56
"exness","BTCUSDm","2021-09-01 00:04:48.473Z",46982.03,47057.16
"exness","BTCUSDm","2021-09-01 00:04:49.469Z",46981.45,47055.65
"exness","BTCUSDm","2021-09-01 00:04:50.476Z",46980.48,47054.07
"exness","BTCUSDm","2021-09-01 00:04:51.476Z",46979.77,47050.99
"exness","BTCUSDm","2021-09-01 00:04:52.358Z",46983.03,47053.33
"exness","BTCUSDm","2021-09-01 00:04:52.380Z",46981.54,47060.81
"exness","BTCUSDm","2021-09-01 00:04:52.748Z",46982.28,47074.84
"exness","BTCUSDm","2021-09-01 00:04:53.766Z",46988.6,47074.99
"exness","BTCUSDm","2021-09-01 00:04:54.605Z",46992.99,47066.39
"exness","BTCUSDm","2021-09-01 00:04:55.204Z",46992.13,47073.89
"exness","BTCUSDm","2021-09-01 00:04:56.044Z",46998.94,47080.63
"exness","BTCUSDm","2021-09-01 00:04:57.072Z",47007.67,47084.19
"exness","BTCUSDm","2021-09-01 00:04:58.070Z",47006.69,47081.74
"exness","BTCUSDm","2021-09-01 00:04:59.083Z",47007.33,47078.25
"exness","BTCUSDm","2021-09-01 00:04:59.535Z",47007.27,47090.32
"exness","BTCUSDm","2021-09-01 00:05:00.567Z",47010.97,47090
"exness","BTCUSDm","2021-09-01 00:05:01.975Z",47020.18,47089.17
"exness","BTCUSDm","2021-09-01 00:05:02.947Z",47023.42,47090.87
"exness","BTCUSDm","2021-09-01 00:05:03.067Z",47021.93,47103.87
"exness","BTCUSDm","2021-09-01 00:05:03.569Z",47020.19,47114.69
"exness","BTCUSDm","2021-09-01 00:05:03.782Z",47025.88,47126.78
"exness","BTCUSDm","2021-09-01 00:05:04.623Z",47037.9,47125.54
"exness","BTCUSDm","2021-09-01 00:05:04.636Z",47037.6,47142.58
"exness","BTCUSDm","2021-09-01 00:05:05.228Z",47050.23,47147.69
"exness","BTCUSDm","2021-09-01 00:05:06.189Z",47064.69,47136.71
"exness","BTCUSDm","2021-09-01 00:05:06.534Z",47066.69,47146.87
"exness","BTCUSDm","2021-09-01 00:05:07.083Z",47072.35,47154.95
"exness","BTCUSDm","2021-09-01 00:05:07.648Z",47079.29,47152.66
"exness","BTCUSDm","2021-09-01 00:05:08.667Z",47083.54,47144.2
"exness","BTCUSDm","2021-09-01 00:05:09.033Z",47084.04,47155.54
"exness","BTCUSDm","2021-09-01 00:05:10.374Z",47090.28,47149.13
"exness","BTCUSDm","2021-09-01 00:05:10.753Z",47094.73,47155.29
"exness","BTCUSDm","2021-09-01 00:05:10.873Z",47092.41,47174.8
"exness","BTCUSDm","2021-09-01 00:05:11.221Z",47095.3,47187.36
"exness","BTCUSDm","2021-09-01 00:05:11.767Z",47098.43,47192.79
"exness","BTCUSDm","2021-09-01 00:05:11.918Z",47105.04,47203.2
"exness","BTCUSDm","2021-09-01 00:05:13.161Z",47120.94,47193.68
"exness","BTCUSDm","2021-09-01 00:05:13.675Z",47118.46,47190.45
"exness","BTCUSDm","2021-09-01 00:05:14.733Z",47118.4,47188.19
"exness","BTCUSDm","2021-09-01 00:05:15.730Z",47114.53,47189.42
"exness","BTCUSDm","2021-09-01 00:05:16.346Z",47102.04,47189.02
"exness","BTCUSDm","2021-09-01 00:05:17.165Z",47102.27,47181.05
"exness","BTCUSDm","2021-09-01 00:05:17.792Z",47101.77,47181.46
"exness","BTCUSDm","2021-09-01 00:05:18.163Z",47087.05,47181.72
"exness","BTCUSDm","2021-09-01 00:05:18.250Z",47067.65,47182.27
"exness","BTCUSDm","2021-09-01 00:05:18.606Z",47059.26,47169.53
"exness","BTCUSDm","2021-09-01 00:05:19.552Z",47070.12,47154.65
"exness","BTCUSDm","2021-09-01 00:05:20.580Z",47072.9,47148.7
"exness","BTCUSDm","2021-09-01 00:05:21.057Z",47073.49,47161.63
"exness","BTCUSDm","2021-09-01 00:05:21.910Z",47082,47157.7
"exness","BTCUSDm","2021-09-01 00:05:22.504Z",47086.04,47159.15
"exness","BTCUSDm","2021-09-01 00:05:23.386Z",47081.85,47162.43
"exness","BTCUSDm","2021-09-01 00:05:23.763Z",47073.24,47157.84
"exness","BTCUSDm","2021-09-01 00:05:24.871Z",47075.94,47149.57
"exness","BTCUSDm","2021-09-01 00:05:25.966Z",47073.29,47152.22
"exness","BTCUSDm","2021-09-01 00:05:27.051Z",47077.63,47149.97
"exness","BTCUSDm","2021-09-01 00:05:28.478Z",47082.96,47152.7
"exness","BTCUSDm","2021-09-01 00:05:29.293Z",47084.2,47156.86
"exness","BTCUSDm","2021-09-01 00:05:29.658Z",47085.85,47167.34
"exness","BTCUSDm","2021-09-01 00:05:31.168Z",47093.6,47170.01
"exness","BTCUSDm","2021-09-01 00:05:32.172Z",47095.15,47164.23
"exness","BTCUSDm","2021-09-01 00:05:32.840Z",47098.96,47164.9
"exness","BTCUSDm","2021-09-01 00:05:33.551Z",47100.6,47168.28
"exness","BTCUSDm","2021-09-01 00:05:34.088Z",47101.82,47172.38
"exness","BTCUSDm","2021-09-01 00:05:34.576Z",47104.98,47180.83
"exness","BTCUSDm","2021-09-01 00:05:34.813Z",47105.19,47193.89
"exness","BTCUSDm","2021-09-01 00:05:34.935Z",47104.76,47211.83
"exness","BTCUSDm","2021-09-01 00:05:36.266Z",47123.71,47198.02
"exness","BTCUSDm","2021-09-01 00:05:36.674Z",47124.31,47210.45
"exness","BTCUSDm","2021-09-01 00:05:37.374Z",47132.61,47206.47
"exness","BTCUSDm","2021-09-01 00:05:38.233Z",47136.29,47208.26
"exness","BTCUSDm","2021-09-01 00:05:39.178Z",47139.27,47217.3
"exness","BTCUSDm","2021-09-01 00:05:40.131Z",47142.63,47220.4
"exness","BTCUSDm","2021-09-01 00:05:40.509Z",47146.05,47230.76
"exness","BTCUSDm","2021-09-01 00:05:41.011Z",47151.77,47240.22
"exness","BTCUSDm","2021-09-01 00:05:41.877Z",47164.85,47247.09
"exness","BTCUSDm","2021-09-01 00:05:42.431Z",47168.81,47257.98
"exness","BTCUSDm","2021-09-01 00:05:42.777Z",47175.92,47266.91
"exness","BTCUSDm","2021-09-01 00:05:43.410Z",47181.41,47268.73
"exness","BTCUSDm","2021-09-01 00:05:44.293Z",47191.5,47271.62
"exness","BTCUSDm","2021-09-01 00:05:44.794Z",47194.95,47282.78
"exness","BTCUSDm","2021-09-01 00:05:44.947Z",47181.88,47279.45
"exness","BTCUSDm","2021-09-01 00:05:45.550Z",47183.37,47271.4
"exness","BTCUSDm","2021-09-01 00:05:45.923Z",47172.27,47266.47
"exness","BTCUSDm","2021-09-01 00:05:46.624Z",47163.01,47258.11
"exness","BTCUSDm","2021-09-01 00:05:47.121Z",47171.9,47265.48
"exness","BTCUSDm","2021-09-01 00:05:47.645Z",47177.97,47266.88
"exness","BTCUSDm","2021-09-01 00:05:47.709Z",47179.72,47281.85
"exness","BTCUSDm","2021-09-01 00:05:48.368Z",47189.54,47276.78
"exness","BTCUSDm","2021-09-01 00:05:49.372Z",47191.97,47270.04
"exness","BTCUSDm","2021-09-01 00:05:50.007Z",47197.05,47270.24
"exness","BTCUSDm","2021-09-01 00:05:50.167Z",47197.33,47283.07
"exness","BTCUSDm","2021-09-01 00:05:50.203Z",47194,47303.87
"exness","BTCUSDm","2021-09-01 00:05:50.855Z",47210.56,47295.1
"exness","BTCUSDm","2021-09-01 00:05:51.493Z",47211.03,47301.97
"exness","BTCUSDm","2021-09-01 00:05:52.338Z",47205.66,47299.03
"exness","BTCUSDm","2021-09-01 00:05:53.726Z",47206.82,47294.71
"exness","BTCUSDm","2021-09-01 00:05:54.768Z",47211.07,47292.69
"exness","BTCUSDm","2021-09-01 00:05:55.686Z",47206.98,47289.76
"exness","BTCUSDm","2021-09-01 00:05:56.288Z",47206.39,47297.47
"exness","BTCUSDm","2021-09-01 00:05:56.533Z",47207.58,47314.31
"exness","BTCUSDm","2021-09-01 00:05:57.245Z",47212.67,47296.59
"exness","BTCUSDm","2021-09-01 00:05:57.849Z",47201.72,47292.11
"exness","BTCUSDm","2021-09-01 00:05:58.096Z",47206.64,47303.62
"exness","BTCUSDm","2021-09-01 00:05:58.418Z",47208.82,47320.65
"exness","BTCUSDm","2021-09-01 00:05:58.832Z",47216.36,47336.12
"exness","BTCUSDm","2021-09-01 00:05:59.171Z",47239.06,47327.51
"exness","BTCUSDm","2021-09-01 00:05:59.766Z",47241.62,47319.76
"exness","BTCUSDm","2021-09-01 00:06:00.488Z",47235.67,47324.93
"exness","BTCUSDm","2021-09-01 00:06:01.031Z",47223.25,47321.66
"exness","BTCUSDm","2021-09-01 00:06:01.346Z",47208.56,47316.76
"exness","BTCUSDm","2021-09-01 00:06:01.807Z",47213.67,47297.65
"exness","BTCUSDm","2021-09-01 00:06:02.497Z",47214.6,47312.67
"exness","BTCUSDm","2021-09-01 00:06:02.660Z",47224.96,47318.14
"exness","BTCUSDm","2021-09-01 00:06:03.017Z",47226.59,47334.3
"exness","BTCUSDm","2021-09-01 00:06:04.397Z",47238.65,47315.25
"exness","BTCUSDm","2021-09-01 00:06:05.473Z",47240.26,47313.65
"exness","BTCUSDm","2021-09-01 00:06:06.195Z",47234.73,47319.42
"exness","BTCUSDm","2021-09-01 00:06:06.797Z",47225.41,47327.83
"exness","BTCUSDm","2021-09-01 00:06:07.103Z",47214.11,47319.85
"exness","BTCUSDm","2021-09-01 00:06:07.637Z",47226.86,47308.77
"exness","BTCUSDm","2021-09-01 00:06:08.240Z",47221.14,47307.47
"exness","BTCUSDm","2021-09-01 00:06:09.473Z",47233.39,47303.86
"exness","BTCUSDm","2021-09-01 00:06:10.508Z",47234.62,47305.49
"exness","BTCUSDm","2021-09-01 00:06:10.932Z",47235.13,47316.79
"exness","BTCUSDm","2021-09-01 00:06:11.073Z",47233.38,47333.89
"exness","BTCUSDm","2021-09-01 00:06:11.274Z",47237.55,47349.86
"exness","BTCUSDm","2021-09-01 00:06:12.192Z",47257.76,47343.57
"exness","BTCUSDm","2021-09-01 00:06:12.490Z",47261.87,47355.53
"exness","BTCUSDm","2021-09-01 00:06:12.496Z",47258.19,47378.82
"exness","BTCUSDm","2021-09-01 00:06:12.505Z",47260.95,47401.9
"exness","BTCUSDm","2021-09-01 00:06:12.807Z",47275.05,47373.56
"exness","BTCUSDm","2021-09-01 00:06:13.273Z",47262.3,47361.94
"exness","BTCUSDm","2021-09-01 00:06:13.520Z",47268.45,47374.68
"exness","BTCUSDm","2021-09-01 00:06:14.304Z",47263.11,47362.6
"exness","BTCUSDm","2021-09-01 00:06:14.787Z",47258.55,47352.26
"exness","BTCUSDm","2021-09-01 00:06:15.192Z",47248.23,47346.81
"exness","BTCUSDm","2021-09-01 00:06:15.850Z",47246.25,47340.68
"exness","BTCUSDm","2021-09-01 00:06:16.334Z",47253.82,47357.47
"exness","BTCUSDm","2021-09-01 00:06:16.351Z",47252.44,47381.27
"exness","BTCUSDm","2021-09-01 00:06:16.473Z",47256.47,47405.44
"exness","BTCUSDm","2021-09-01 00:06:17.713Z",47287.83,47385.6
"exness","BTCUSDm","2021-09-01 00:06:18.550Z",47284.47,47373.46
"exness","BTCUSDm","2021-09-01 00:06:18.791Z",47275.41,47367.13
"exness","BTCUSDm","2021-09-01 00:06:19.385Z",47274.55,47361
"exness","BTCUSDm","2021-09-01 00:06:19.629Z",47259.91,47359.62
"exness","BTCUSDm","2021-09-01 00:06:19.849Z",47244.53,47355.18
"exness","BTCUSDm","2021-09-01 00:06:21.112Z",47260.53,47339.02
"exness","BTCUSDm","2021-09-01 00:06:22.020Z",47253.76,47339.1
"exness","BTCUSDm","2021-09-01 00:06:22.526Z",47249.48,47329.83
"exness","BTCUSDm","2021-09-01 00:06:23.146Z",47249.67,47324.34
"exness","BTCUSDm","2021-09-01 00:06:24.076Z",47252.62,47327.5
"exness","BTCUSDm","2021-09-01 00:06:24.786Z",47256.81,47335.64
"exness","BTCUSDm","2021-09-01 00:06:25.629Z",47244.06,47334.2
"exness","BTCUSDm","2021-09-01 00:06:26.782Z",47244.77,47332.84
"exness","BTCUSDm","2021-09-01 00:06:27.007Z",47248.52,47344.64
"exness","BTCUSDm","2021-09-01 00:06:27.015Z",47248.06,47364.48
"exness","BTCUSDm","2021-09-01 00:06:27.247Z",47257.69,47377.72
"exness","BTCUSDm","2021-09-01 00:06:28.452Z",47274.99,47361.62
"exness","BTCUSDm","2021-09-01 00:06:28.814Z",47260.09,47360.54
"exness","BTCUSDm","2021-09-01 00:06:29.778Z",47267.1,47361.41
"exness","BTCUSDm","2021-09-01 00:06:29.902Z",47268.98,47377.53
"exness","BTCUSDm","2021-09-01 00:06:30.528Z",47285.73,47375.79
"exness","BTCUSDm","2021-09-01 00:06:31.934Z",47297.05,47376.44
"exness","BTCUSDm","2021-09-01 00:06:32.615Z",47294.8,47372.47
"exness","BTCUSDm","2021-09-01 00:06:33.251Z",47291.38,47369.46
"exness","BTCUSDm","2021-09-01 00:06:34.390Z",47287.21,47364.9
"exness","BTCUSDm","2021-09-01 00:06:34.821Z",47273.53,47364.6
"exness","BTCUSDm","2021-09-01 00:06:34.830Z",47253.92,47366.09
"exness","BTCUSDm","2021-09-01 00:06:35.181Z",47275.83,47354.42
"exness","BTCUSDm","2021-09-01 00:06:36.009Z",47268.69,47348.79
"exness","BTCUSDm","2021-09-01 00:06:36.615Z",47259.51,47350.41
"exness","BTCUSDm","2021-09-01 00:06:36.863Z",47247.96,47345.35
"exness","BTCUSDm","2021-09-01 00:06:37.289Z",47239.01,47336.98
"exness","BTCUSDm","2021-09-01 00:06:37.882Z",47233.38,47326.09
"exness","BTCUSDm","2021-09-01 00:06:38.958Z",47240.06,47319.08
"exness","BTCUSDm","2021-09-01 00:06:39.322Z",47227.36,47318.07
"exness","BTCUSDm","2021-09-01 00:06:39.444Z",47211.95,47315.97
"exness","BTCUSDm","2021-09-01 00:06:39.808Z",47198.51,47308.75
"exness","BTCUSDm","2021-09-01 00:06:40.405Z",47208.39,47293.6
"exness","BTCUSDm","2021-09-01 00:06:40.868Z",47217.8,47295.68
"exness","BTCUSDm","2021-09-01 00:06:40.956Z",47222.61,47304.53
"exness","BTCUSDm","2021-09-01 00:06:41.562Z",47225.83,47303.64
"exness","BTCUSDm","2021-09-01 00:06:42.007Z",47209.42,47305.85
"exness","BTCUSDm","2021-09-01 00:06:42.813Z",47207.35,47295.7
"exness","BTCUSDm","2021-09-01 00:06:43.348Z",47205.01,47290.84
"exness","BTCUSDm","2021-09-01 00:06:44.178Z",47209.85,47292.78
"exness","BTCUSDm","2021-09-01 00:06:44.419Z",47196.09,47291.61
"exness","BTCUSDm","2021-09-01 00:06:45.013Z",47183.87,47285.76
"exness","BTCUSDm","2021-09-01 00:06:45.615Z",47190.4,47287.65
"exness","BTCUSDm","2021-09-01 00:06:46.288Z",47206.04,47282.41
"exness","BTCUSDm","2021-09-01 00:06:47.175Z",47206.2,47288.57
"exness","BTCUSDm","2021-09-01 00:06:47.678Z",47207.82,47294.01
"exness","BTCUSDm","2021-09-01 00:06:48.595Z",47212.79,47305.42
"exness","BTCUSDm","2021-09-01 00:06:48.602Z",47209.41,47327.36
"exness","BTCUSDm","2021-09-01 00:06:48.905Z",47215.34,47346.23
"exness","BTCUSDm","2021-09-01 00:06:49.911Z",47232.42,47328
"exness","BTCUSDm","2021-09-01 00:06:50.544Z",47236.28,47318.72
"exness","BTCUSDm","2021-09-01 00:06:51.571Z",47241.97,47311.46
"exness","BTCUSDm","2021-09-01 00:06:52.567Z",47242.06,47312.06
"exness","BTCUSDm","2021-09-01 00:06:53.412Z",47240.32,47314.03
"exness","BTCUSDm","2021-09-01 00:06:54.212Z",47245.4,47313.33
"exness","BTCUSDm","2021-09-01 00:06:54.337Z",47249.41,47319.85
"exness","BTCUSDm","2021-09-01 00:06:55.068Z",47247.34,47321.59
"exness","BTCUSDm","2021-09-01 00:06:55.547Z",47234.64,47321.61
"exness","BTCUSDm","2021-09-01 00:06:56.187Z",47228.85,47319.62
"exness","BTCUSDm","2021-09-01 00:06:56.569Z",47213.73,47317.46
"exness","BTCUSDm","2021-09-01 00:06:57.054Z",47217.39,47300.43
"exness","BTCUSDm","2021-09-01 00:06:57.137Z",47205.69,47297.28
"exness","BTCUSDm","2021-09-01 00:06:58.426Z",47205.74,47296.59
"exness","BTCUSDm","2021-09-01 00:06:58.936Z",47211.88,47307.24
"exness","BTCUSDm","2021-09-01 00:06:59.638Z",47224.19,47308.3
"exness","BTCUSDm","2021-09-01 00:06:59.967Z",47230.71,47315.87
"exness","BTCUSDm","2021-09-01 00:07:00.843Z",47238.44,47322.7
"exness","BTCUSDm","2021-09-01 00:07:01.307Z",47244.16,47336.4
"exness","BTCUSDm","2021-09-01 00:07:01.876Z",47250.98,47325.74
"exness","BTCUSDm","2021-09-01 00:07:02.288Z",47238.69,47325.05
"exness","BTCUSDm","2021-09-01 00:07:02.803Z",47227.24,47320.94
"exness","BTCUSDm","2021-09-01 00:07:03.333Z",47228.3,47319.5
"exness","BTCUSDm","2021-09-01 00:07:04.377Z",47233.81,47312.89
"exness","BTCUSDm","2021-09-01 00:07:05.375Z",47238.25,47311.33
"exness","BTCUSDm","2021-09-01 00:07:06.162Z",47240.08,47315.34
"exness","BTCUSDm","2021-09-01 00:07:07.011Z",47241.93,47314.95
"exness","BTCUSDm","2021-09-01 00:07:07.729Z",47229.81,47320.19
"exness","BTCUSDm","2021-09-01 00:07:08.097Z",47213.44,47319.3
"exness","BTCUSDm","2021-09-01 00:07:08.476Z",47227.61,47327.48
"exness","BTCUSDm","2021-09-01 00:07:08.617Z",47224.29,47351.78
"exness","BTCUSDm","2021-09-01 00:07:08.873Z",47237.73,47361.73
"exness","BTCUSDm","2021-09-01 00:07:09.313Z",47249.53,47337.27
"exness","BTCUSDm","2021-09-01 00:07:09.891Z",47246.69,47332.67
"exness","BTCUSDm","2021-09-01 00:07:10.280Z",47236.03,47327.34
"exness","BTCUSDm","2021-09-01 00:07:11.302Z",47243.77,47322.06
"exness","BTCUSDm","2021-09-01 00:07:11.904Z",47242.04,47323.52
"exness","BTCUSDm","2021-09-01 00:07:12.040Z",47226.59,47323.75
"exness","BTCUSDm","2021-09-01 00:07:12.488Z",47217.79,47315.61
"exness","BTCUSDm","2021-09-01 00:07:12.975Z",47210.66,47305.48
"exness","BTCUSDm","2021-09-01 00:07:13.636Z",47206.85,47295.87
"exness","BTCUSDm","2021-09-01 00:07:14.479Z",47218.69,47283.15
"exness","BTCUSDm","2021-09-01 00:07:14.974Z",47223.02,47291.24
"exness","BTCUSDm","2021-09-01 00:07:15.476Z",47212.11,47288.58
"exness","BTCUSDm","2021-09-01 00:07:16.273Z",47208.21,47278.65
"exness","BTCUSDm","2021-09-01 00:07:17.189Z",47203.86,47270.84
"exness","BTCUSDm","2021-09-01 00:07:17.405Z",47189.81,47270.97
"exness","BTCUSDm","2021-09-01 00:07:17.895Z",47174.6,47263.63
"exness","BTCUSDm","2021-09-01 00:07:18.533Z",47180.94,47246.86
"exness","BTCUSDm","2021-09-01 00:07:18.868Z",47168.65,47246.08
"exness","BTCUSDm","2021-09-01 00:07:19.133Z",47157.51,47241.96
"exness","BTCUSDm","2021-09-01 00:07:19.929Z",47161.29,47234.3
"exness","BTCUSDm","2021-09-01 00:07:21.217Z",47165.68,47231.91
"exness","BTCUSDm","2021-09-01 00:07:21.773Z",47162.68,47228.71
"exness","BTCUSDm","2021-09-01 00:07:22.671Z",47164.86,47226.17
"exness","BTCUSDm","2021-09-01 00:07:22.763Z",47151.25,47227.56
"exness","BTCUSDm","2021-09-01 00:07:23.575Z",47149.9,47222.18
"exness","BTCUSDm","2021-09-01 00:07:23.580Z",47133.79,47222.59
"exness","BTCUSDm","2021-09-01 00:07:23.788Z",47128.84,47211.19
"exness","BTCUSDm","2021-09-01 00:07:23.895Z",47117.57,47205.1
"exness","BTCUSDm","2021-09-01 00:07:24.439Z",47120.61,47196.17
"exness","BTCUSDm","2021-09-01 00:07:25.483Z",47129.72,47200.05
"exness","BTCUSDm","2021-09-01 00:07:26.117Z",47117.31,47200.32
"exness","BTCUSDm","2021-09-01 00:07:26.123Z",47096.95,47201.75
"exness","BTCUSDm","2021-09-01 00:07:27.065Z",47099.54,47185.64
"exness","BTCUSDm","2021-09-01 00:07:27.209Z",47087.91,47178.89
"exness","BTCUSDm","2021-09-01 00:07:27.822Z",47099.69,47171.7
"exness","BTCUSDm","2021-09-01 00:07:27.914Z",47105.19,47181.02
"exness","BTCUSDm","2021-09-01 00:07:28.761Z",47105,47176.13
"exness","BTCUSDm","2021-09-01 00:07:29.101Z",47090.07,47176.37
"exness","BTCUSDm","2021-09-01 00:07:29.432Z",47078.3,47169.81
"exness","BTCUSDm","2021-09-01 00:07:29.743Z",47085.85,47181.89
"exness","BTCUSDm","2021-09-01 00:07:30.637Z",47094.19,47162.82
"exness","BTCUSDm","2021-09-01 00:07:30.790Z",47080.15,47162.78
"exness","BTCUSDm","2021-09-01 00:07:30.875Z",47058.32,47165.4
"exness","BTCUSDm","2021-09-01 00:07:30.900Z",47041.61,47157.54
"exness","BTCUSDm","2021-09-01 00:07:31.534Z",47067.33,47143.05
"exness","BTCUSDm","2021-09-01 00:07:32.176Z",47060.85,47135.49
"exness","BTCUSDm","2021-09-01 00:07:32.789Z",47062.84,47148.86
"exness","BTCUSDm","2021-09-01 00:07:33.451Z",47072.9,47154.75
"exness","BTCUSDm","2021-09-01 00:07:33.972Z",47070.87,47151.42
"exness","BTCUSDm","2021-09-01 00:07:34.916Z",47065.25,47142
"exness","BTCUSDm","2021-09-01 00:07:35.122Z",47070.29,47151.57
"exness","BTCUSDm","2021-09-01 00:07:35.190Z",47071.37,47168.53
"exness","BTCUSDm","2021-09-01 00:07:35.799Z",47086.11,47157.41
"exness","BTCUSDm","2021-09-01 00:07:36.853Z",47092.96,47154.21
"exness","BTCUSDm","2021-09-01 00:07:37.370Z",47089.69,47151.79
"exness","BTCUSDm","2021-09-01 00:07:37.811Z",47074.3,47153.89
"exness","BTCUSDm","2021-09-01 00:07:37.828Z",47056.1,47154.55
"exness","BTCUSDm","2021-09-01 00:07:38.753Z",47066.07,47140.39
"exness","BTCUSDm","2021-09-01 00:07:39.412Z",47072.6,47139.24
"exness","BTCUSDm","2021-09-01 00:07:39.695Z",47079.37,47144.29
"exness","BTCUSDm","2021-09-01 00:07:40.355Z",47081.3,47148.51
"exness","BTCUSDm","2021-09-01 00:07:40.480Z",47082.59,47161.08
"exness","BTCUSDm","2021-09-01 00:07:40.724Z",47080.43,47180.56
"exness","BTCUSDm","2021-09-01 00:07:40.733Z",47082.62,47201.4
"exness","BTCUSDm","2021-09-01 00:07:41.311Z",47091.43,47204.44
"exness","BTCUSDm","2021-09-01 00:07:42.439Z",47103.56,47192.14
"exness","BTCUSDm","2021-09-01 00:07:43.458Z",47118.95,47188.5
"exness","BTCUSDm","2021-09-01 00:07:44.470Z",47125.56,47185.43
"exness","BTCUSDm","2021-09-01 00:07:44.908Z",47117.34,47182.56
"exness","BTCUSDm","2021-09-01 00:07:45.463Z",47105.06,47181.36
"exness","BTCUSDm","2021-09-01 00:07:46.085Z",47102.26,47184.89
"exness","BTCUSDm","2021-09-01 00:07:46.510Z",47115.15,47184.92
"exness","BTCUSDm","2021-09-01 00:07:46.839Z",47113.79,47202.1
"exness","BTCUSDm","2021-09-01 00:07:46.847Z",47113.36,47222.91
"exness","BTCUSDm","2021-09-01 00:07:48.263Z",47131.08,47199.05
"exness","BTCUSDm","2021-09-01 00:07:48.979Z",47135.25,47200.69
"exness","BTCUSDm","2021-09-01 00:07:49.093Z",47133.76,47215.8
"exness","BTCUSDm","2021-09-01 00:07:49.522Z",47118.95,47212.52
"exness","BTCUSDm","2021-09-01 00:07:49.975Z",47106.04,47202.67
"exness","BTCUSDm","2021-09-01 00:07:50.311Z",47096.16,47193.13
"exness","BTCUSDm","2021-09-01 00:07:50.904Z",47100.38,47184.17
"exness","BTCUSDm","2021-09-01 00:07:51.199Z",47086.8,47180.11
"exness","BTCUSDm","2021-09-01 00:07:51.743Z",47091.03,47186.46
"exness","BTCUSDm","2021-09-01 00:07:52.322Z",47095.85,47191.93
"exness","BTCUSDm","2021-09-01 00:07:52.939Z",47101.7,47184.94
"exness","BTCUSDm","2021-09-01 00:07:53.726Z",47097.24,47174.61
"exness","BTCUSDm","2021-09-01 00:07:54.452Z",47089.85,47166.8
"exness","BTCUSDm","2021-09-01 00:07:54.456Z",47071.19,47167.94
"exness","BTCUSDm","2021-09-01 00:07:55.037Z",47075.94,47159.65
"exness","BTCUSDm","2021-09-01 00:07:55.098Z",47081.59,47170.06
"exness","BTCUSDm","2021-09-01 00:07:55.317Z",47086.73,47184.56
"exness","BTCUSDm","2021-09-01 00:07:56.199Z",47099.11,47178.44
"exness","BTCUSDm","2021-09-01 00:07:56.475Z",47100.57,47194.22
"exness","BTCUSDm","2021-09-01 00:07:56.547Z",47100.76,47215.9
"exness","BTCUSDm","2021-09-01 00:07:57.085Z",47117.34,47204.7
"exness","BTCUSDm","2021-09-01 00:07:58.120Z",47126.23,47193.17
"exness","BTCUSDm","2021-09-01 00:07:59.090Z",47130.82,47193.94
"exness","BTCUSDm","2021-09-01 00:07:59.975Z",47125.25,47198.91
"exness","BTCUSDm","2021-09-01 00:08:00.476Z",47107.81,47199.5
"exness","BTCUSDm","2021-09-01 00:08:00.526Z",47083.66,47201.47
"exness","BTCUSDm","2021-09-01 00:08:00.572Z",47079.28,47183.65
"exness","BTCUSDm","2021-09-01 00:08:01.568Z",47094.6,47168.63
"exness","BTCUSDm","2021-09-01 00:08:01.859Z",47094.81,47186.86
"exness","BTCUSDm","2021-09-01 00:08:01.865Z",47097.29,47205.02
"exness","BTCUSDm","2021-09-01 00:08:02.359Z",47105.46,47221.21
"exness","BTCUSDm","2021-09-01 00:08:02.906Z",47122.24,47209.81
"exness","BTCUSDm","2021-09-01 00:08:03.626Z",47122.1,47196.49
"exness","BTCUSDm","2021-09-01 00:08:04.487Z",47126.96,47198.1
"exness","BTCUSDm","2021-09-01 00:08:05.405Z",47129.91,47202.07
"exness","BTCUSDm","2021-09-01 00:08:06.020Z",47133.43,47213.18
"exness","BTCUSDm","2021-09-01 00:08:06.173Z",47134.4,47229.65
"exness","BTCUSDm","2021-09-01 00:08:07.073Z",47147.77,47233.81
"exness","BTCUSDm","2021-09-01 00:08:07.398Z",47147.32,47254.3
"exness","BTCUSDm","2021-09-01 00:08:08.656Z",47165.77,47245.87
"exness","BTCUSDm","2021-09-01 00:08:09.665Z",47172.7,47243.51
"exness","BTCUSDm","2021-09-01 00:08:10.403Z",47175.02,47236.72
"exness","BTCUSDm","2021-09-01 00:08:11.675Z",47174.57,47234.78
"exness","BTCUSDm","2021-09-01 00:08:12.772Z",47177.5,47235.76
"exness","BTCUSDm","2021-09-01 00:08:12.982Z",47179.35,47244.88
"exness","BTCUSDm","2021-09-01 00:08:13.443Z",47181.78,47255.04
"exness","BTCUSDm","2021-09-01 00:08:13.941Z",47183.62,47269.2
"exness","BTCUSDm","2021-09-01 00:08:14.109Z",47184.21,47287.57
"exness","BTCUSDm","2021-09-01 00:08:14.278Z",47182.97,47271.23
"exness","BTCUSDm","2021-09-01 00:08:14.329Z",47166.46,47268.5
"exness","BTCUSDm","2021-09-01 00:08:15.636Z",47174.77,47247.75
"exness","BTCUSDm","2021-09-01 00:08:16.716Z",47183.5,47251.32
"exness","BTCUSDm","2021-09-01 00:08:16.950Z",47184.37,47264.88
"exness","BTCUSDm","2021-09-01 00:08:16.955Z",47181.87,47276.26
"exness","BTCUSDm","2021-09-01 00:08:16.959Z",47180.15,47300.39
"exness","BTCUSDm","2021-09-01 00:08:17.652Z",47197.67,47287.74
"exness","BTCUSDm","2021-09-01 00:08:18.201Z",47203.68,47290.42
"exness","BTCUSDm","2021-09-01 00:08:19.051Z",47215.96,47288.43
"exness","BTCUSDm","2021-09-01 00:08:19.884Z",47217.4,47294.11
"exness","BTCUSDm","2021-09-01 00:08:20.418Z",47215.46,47289.22
"exness","BTCUSDm","2021-09-01 00:08:21.672Z",47216.24,47286.3
"exness","BTCUSDm","2021-09-01 00:08:22.457Z",47211.32,47283.7
"exness","BTCUSDm","2021-09-01 00:08:22.460Z",47201.65,47285.55
"exness","BTCUSDm","2021-09-01 00:08:23.318Z",47213.59,47276.72
"exness","BTCUSDm","2021-09-01 00:08:23.765Z",47217.23,47285.72
"exness","BTCUSDm","2021-09-01 00:08:24.796Z",47223.32,47292.9
"exness","BTCUSDm","2021-09-01 00:08:25.894Z",47215.24,47287.77
"exness","BTCUSDm","2021-09-01 00:08:26.319Z",47200.62,47287.16
"exness","BTCUSDm","2021-09-01 00:08:27.113Z",47200.74,47272.99
"exness","BTCUSDm","2021-09-01 00:08:27.733Z",47194.57,47266.17
"exness","BTCUSDm","2021-09-01 00:08:28.528Z",47191.44,47257.66
"exness","BTCUSDm","2021-09-01 00:08:29.026Z",47179.98,47255.96
"exness","BTCUSDm","2021-09-01 00:08:30.023Z",47180.42,47243.95
"exness","BTCUSDm","2021-09-01 00:08:30.742Z",47180.04,47239.4
"exness","BTCUSDm","2021-09-01 00:08:30.861Z",47171.38,47237.09
"exness","BTCUSDm","2021-09-01 00:08:31.112Z",47174.86,47246.18
"exness","BTCUSDm","2021-09-01 00:08:31.777Z",47181.6,47258.56
"exness","BTCUSDm","2021-09-01 00:08:32.189Z",47185.68,47275.23
"exness","BTCUSDm","2021-09-01 00:08:32.658Z",47193.99,47285.11
"exness","BTCUSDm","2021-09-01 00:08:33.244Z",47178.02,47281.41
"exness","BTCUSDm","2021-09-01 00:08:34.215Z",47173.09,47266.68
"exness","BTCUSDm","2021-09-01 00:08:34.773Z",47182.6,47251.75
"exness","BTCUSDm","2021-09-01 00:08:35.204Z",47170.09,47255.41
"exness","BTCUSDm","2021-09-01 00:08:35.551Z",47159.13,47249.81
"exness","BTCUSDm","2021-09-01 00:08:35.900Z",47140.51,47248.3
"exness","BTCUSDm","2021-09-01 00:08:37.466Z",47143.64,47228.8
"exness","BTCUSDm","2021-09-01 00:08:37.720Z",47152.84,47236.23
"exness","BTCUSDm","2021-09-01 00:08:38.245Z",47162.39,47251.33
"exness","BTCUSDm","2021-09-01 00:08:39.272Z",47173.96,47243.53
"exness","BTCUSDm","2021-09-01 00:08:40.272Z",47178.96,47241.88
"exness","BTCUSDm","2021-09-01 00:08:40.407Z",47178.82,47254.78
"exness","BTCUSDm","2021-09-01 00:08:40.537Z",47180.73,47269.05
"exness","BTCUSDm","2021-09-01 00:08:41.009Z",47187.27,47281.29
"exness","BTCUSDm","2021-09-01 00:08:41.536Z",47197.73,47276.84
"exness","BTCUSDm","2021-09-01 00:08:42.471Z",47205.45,47274.44
"exness","BTCUSDm","2021-09-01 00:08:43.568Z",47211.38,47274.72
"exness","BTCUSDm","2021-09-01 00:08:43.830Z",47202.53,47271.17
"exness","BTCUSDm","2021-09-01 00:08:45.023Z",47196.73,47264.58
"exness","BTCUSDm","2021-09-01 00:08:45.574Z",47200.31,47267.41
"exness","BTCUSDm","2021-09-01 00:08:46.528Z",47199.54,47281.56
"exness","BTCUSDm","2021-09-01 00:08:46.759Z",47200.48,47298.47
"exness","BTCUSDm","2021-09-01 00:08:47.809Z",47220.52,47291.39
"exness","BTCUSDm","2021-09-01 00:08:48.337Z",47218.67,47293.13
"exness","BTCUSDm","2021-09-01 00:08:49.426Z",47216.84,47283.09
"exness","BTCUSDm","2021-09-01 00:08:50.454Z",47219.7,47279.81
"exness","BTCUSDm","2021-09-01 00:08:51.245Z",47221.32,47283.65
"exness","BTCUSDm","2021-09-01 00:08:52.565Z",47224.52,47288.09
"exness","BTCUSDm","2021-09-01 00:08:53.655Z",47227.79,47285.79
"exness","BTCUSDm","2021-09-01 00:08:54.621Z",47227.57,47281.81
"exness","BTCUSDm","2021-09-01 00:08:54.754Z",47216,47283.08
"exness","BTCUSDm","2021-09-01 00:08:56.153Z",47215.73,47276.97
"exness","BTCUSDm","2021-09-01 00:08:57.169Z",47217.24,47277.21
"exness","BTCUSDm","2021-09-01 00:08:58.178Z",47218.63,47276.28
"exness","BTCUSDm","2021-09-01 00:08:59.177Z",47219.3,47276.1
"exness","BTCUSDm","2021-09-01 00:09:00.245Z",47220.68,47275.25
"exness","BTCUSDm","2021-09-01 00:09:01.275Z",47222.42,47276.49
"exness","BTCUSDm","2021-09-01 00:09:02.240Z",47225.76,47277.06
"exness","BTCUSDm","2021-09-01 00:09:03.273Z",47222.91,47281.58
"exness","BTCUSDm","2021-09-01 00:09:04.295Z",47224.23,47280.24
"exness","BTCUSDm","2021-09-01 00:09:04.877Z",47213.3,47280.37
"exness","BTCUSDm","2021-09-01 00:09:05.182Z",47206.04,47275.22
"exness","BTCUSDm","2021-09-01 00:09:05.974Z",47202.82,47267.14
"exness","BTCUSDm","2021-09-01 00:09:06.573Z",47206.63,47268.81
"exness","BTCUSDm","2021-09-01 00:09:07.422Z",47201.4,47268.33
"exness","BTCUSDm","2021-09-01 00:09:08.188Z",47195.86,47267.49
"exness","BTCUSDm","2021-09-01 00:09:09.148Z",47200.47,47276.24
"exness","BTCUSDm","2021-09-01 00:09:10.167Z",47206.44,47270.46
"exness","BTCUSDm","2021-09-01 00:09:10.295Z",47195.36,47268.82
"exness","BTCUSDm","2021-09-01 00:09:10.890Z",47194.04,47263.52
"exness","BTCUSDm","2021-09-01 00:09:11.074Z",47176.19,47265.89
"exness","BTCUSDm","2021-09-01 00:09:12.597Z",47169.27,47256.07
"exness","BTCUSDm","2021-09-01 00:09:12.662Z",47164,47246.03
"exness","BTCUSDm","2021-09-01 00:09:13.052Z",47157.52,47232.78
"exness","BTCUSDm","2021-09-01 00:09:13.665Z",47156.09,47234.46
"exness","BTCUSDm","2021-09-01 00:09:14.326Z",47161.81,47244.8
"exness","BTCUSDm","2021-09-01 00:09:14.567Z",47169.83,47253.73
"exness","BTCUSDm","2021-09-01 00:09:14.916Z",47175.07,47266.4
"exness","BTCUSDm","2021-09-01 00:09:15.635Z",47186.63,47258.55
"exness","BTCUSDm","2021-09-01 00:09:16.232Z",47189.12,47263.24
"exness","BTCUSDm","2021-09-01 00:09:16.657Z",47176.95,47260.32
"exness","BTCUSDm","2021-09-01 00:09:18.043Z",47178.31,47247.99
"exness","BTCUSDm","2021-09-01 00:09:18.752Z",47167.45,47244.7
"exness","BTCUSDm","2021-09-01 00:09:19.137Z",47153.58,47242.71
"exness","BTCUSDm","2021-09-01 00:09:19.951Z",47156.04,47228.98
"exness","BTCUSDm","2021-09-01 00:09:20.862Z",47161.36,47238.48
"exness","BTCUSDm","2021-09-01 00:09:21.925Z",47167.28,47232.25
"exness","BTCUSDm","2021-09-01 00:09:22.938Z",47171.25,47233.27
"exness","BTCUSDm","2021-09-01 00:09:23.945Z",47171.18,47231.63
"exness","BTCUSDm","2021-09-01 00:09:24.184Z",47158.06,47232.65
"exness","BTCUSDm","2021-09-01 00:09:24.271Z",47142.86,47232.07
"exness","BTCUSDm","2021-09-01 00:09:25.014Z",47148.76,47221.26
"exness","BTCUSDm","2021-09-01 00:09:25.724Z",47143.05,47213.7
"exness","BTCUSDm","2021-09-01 00:09:26.730Z",47147.37,47210.5
"exness","BTCUSDm","2021-09-01 00:09:27.742Z",47149.61,47207.44
"exness","BTCUSDm","2021-09-01 00:09:28.363Z",47147.05,47204.85
"exness","BTCUSDm","2021-09-01 00:09:28.588Z",47143.64,47213.91
"exness","BTCUSDm","2021-09-01 00:09:28.591Z",47141.58,47223.18
"exness","BTCUSDm","2021-09-01 00:09:28.594Z",47139.45,47234.88
"exness","BTCUSDm","2021-09-01 00:09:28.600Z",47135.66,47262.06
"exness","BTCUSDm","2021-09-01 00:09:29.441Z",47163.71,47248.47
"exness","BTCUSDm","2021-09-01 00:09:30.149Z",47166.6,47239.9
"exness","BTCUSDm","2021-09-01 00:09:30.890Z",47173.77,47245.52
"exness","BTCUSDm","2021-09-01 00:09:31.107Z",47175.49,47258.61
"exness","BTCUSDm","2021-09-01 00:09:31.656Z",47163.39,47253.29
"exness","BTCUSDm","2021-09-01 00:09:32.448Z",47173.62,47246.04
"exness","BTCUSDm","2021-09-01 00:09:32.695Z",47174.4,47260.46
"exness","BTCUSDm","2021-09-01 00:09:33.297Z",47183.2,47257.39
"exness","BTCUSDm","2021-09-01 00:09:34.368Z",47188.69,47253.41
"exness","BTCUSDm","2021-09-01 00:09:35.365Z",47189.49,47250.41
"exness","BTCUSDm","2021-09-01 00:09:36.092Z",47185.7,47248.65
"exness","BTCUSDm","2021-09-01 00:09:37.004Z",47180.66,47247.76
"exness","BTCUSDm","2021-09-01 00:09:37.534Z",47182.54,47252.3
"exness","BTCUSDm","2021-09-01 00:09:37.654Z",47165.98,47257.85
"exness","BTCUSDm","2021-09-01 00:09:38.201Z",47157.33,47247.64
"exness","BTCUSDm","2021-09-01 00:09:39.761Z",47163.31,47231.39
"exness","BTCUSDm","2021-09-01 00:09:40.483Z",47166.53,47241.98
"exness","BTCUSDm","2021-09-01 00:09:40.840Z",47170.41,47253.69
"exness","BTCUSDm","2021-09-01 00:09:41.739Z",47183.39,47253.11
"exness","BTCUSDm","2021-09-01 00:09:42.452Z",47183.86,47252.33
"exness","BTCUSDm","2021-09-01 00:09:42.813Z",47187.49,47262.49
"exness","BTCUSDm","2021-09-01 00:09:43.663Z",47183.12,47253.89
"exness","BTCUSDm","2021-09-01 00:09:43.892Z",47169.31,47253.09
"exness","BTCUSDm","2021-09-01 00:09:44.809Z",47175.74,47253.68
"exness","BTCUSDm","2021-09-01 00:09:45.522Z",47182.75,47252.24
"exness","BTCUSDm","2021-09-01 00:09:47.054Z",47188.16,47258.51
"exness","BTCUSDm","2021-09-01 00:09:47.997Z",47193.61,47258.38
"exness","BTCUSDm","2021-09-01 00:09:48.578Z",47185.16,47254.27
"exness","BTCUSDm","2021-09-01 00:09:48.939Z",47172.37,47253.15
"exness","BTCUSDm","2021-09-01 00:09:49.966Z",47178.8,47245.7
"exness","BTCUSDm","2021-09-01 00:09:51.030Z",47180.86,47241.29
"exness","BTCUSDm","2021-09-01 00:09:51.774Z",47174.56,47242.01
"exness","BTCUSDm","2021-09-01 00:09:52.475Z",47164.13,47238.78
"exness","BTCUSDm","2021-09-01 00:09:52.613Z",47148.07,47238.23
"exness","BTCUSDm","2021-09-01 00:09:53.184Z",47155.32,47229.36
"exness","BTCUSDm","2021-09-01 00:09:53.858Z",47160.23,47230.04
"exness","BTCUSDm","2021-09-01 00:09:54.162Z",47162.84,47241.21
"exness","BTCUSDm","2021-09-01 00:09:55.367Z",47176.73,47236.89
"exness","BTCUSDm","2021-09-01 00:09:55.902Z",47172.27,47235.83
"exness","BTCUSDm","2021-09-01 00:09:56.469Z",47174.78,47244.97
"exness","BTCUSDm","2021-09-01 00:09:57.473Z",47176.28,47247.93
"exness","BTCUSDm","2021-09-01 00:09:58.123Z",47174.49,47243.45
"exness","BTCUSDm","2021-09-01 00:09:58.961Z",47176.61,47248.12
"exness","BTCUSDm","2021-09-01 00:09:59.964Z",47180.36,47244.58
"exness","BTCUSDm","2021-09-01 00:10:00.987Z",47184.44,47244.53
"exness","BTCUSDm","2021-09-01 00:10:01.534Z",47184.64,47256.1
"exness","BTCUSDm","2021-09-01 00:10:02.205Z",47187.21,47255.49
"exness","BTCUSDm","2021-09-01 00:10:02.916Z",47187.82,47261.46
"exness","BTCUSDm","2021-09-01 00:10:03.168Z",47172.91,47259.61
"exness","BTCUSDm","2021-09-01 00:10:04.011Z",47166.38,47249.54
"exness","BTCUSDm","2021-09-01 00:10:04.715Z",47156.67,47242.62
"exness","BTCUSDm","2021-09-01 00:10:05.256Z",47150.3,47233.2
"exness","BTCUSDm","2021-09-01 00:10:05.625Z",47140.77,47225.44
"exness","BTCUSDm","2021-09-01 00:10:06.456Z",47143.2,47221.63
"exness","BTCUSDm","2021-09-01 00:10:06.820Z",47129.39,47218.89
"exness","BTCUSDm","2021-09-01 00:10:07.346Z",47137.23,47229.41
"exness","BTCUSDm","2021-09-01 00:10:07.614Z",47143.42,47243.57
"exness","BTCUSDm","2021-09-01 00:10:08.680Z",47156.61,47232.97
"exness","BTCUSDm","2021-09-01 00:10:09.043Z",47141.45,47231.84
"exness","BTCUSDm","2021-09-01 00:10:09.879Z",47142.04,47217.49
"exness","BTCUSDm","2021-09-01 00:10:10.721Z",47145.61,47209.48
"exness","BTCUSDm","2021-09-01 00:10:11.082Z",47133.83,47208.67
"exness","BTCUSDm","2021-09-01 00:10:11.446Z",47123.59,47203.78
"exness","BTCUSDm","2021-09-01 00:10:12.276Z",47131.56,47201.21
"exness","BTCUSDm","2021-09-01 00:10:12.877Z",47136.14,47202.52
"exness","BTCUSDm","2021-09-01 00:10:13.014Z",47126.91,47205.22
"exness","BTCUSDm","2021-09-01 00:10:13.089Z",47105.68,47207.87
"exness","BTCUSDm","2021-09-01 00:10:13.599Z",47085.75,47203.92
"exness","BTCUSDm","2021-09-01 00:10:14.498Z",47103.79,47190.86
"exness","BTCUSDm","2021-09-01 00:10:15.231Z",47102.74,47184.35
"exness","BTCUSDm","2021-09-01 00:10:15.816Z",47100.18,47179.21
"exness","BTCUSDm","2021-09-01 00:10:16.479Z",47107.43,47177.57
"exness","BTCUSDm","2021-09-01 00:10:17.079Z",47109.82,47182.23
"exness","BTCUSDm","2021-09-01 00:10:17.853Z",47114.39,47191.43
"exness","BTCUSDm","2021-09-01 00:10:18.596Z",47121.22,47190.12
"exness","BTCUSDm","2021-09-01 00:10:18.843Z",47121.08,47204.31
"exness","BTCUSDm","2021-09-01 00:10:19.537Z",47131.36,47208.43
"exness","BTCUSDm","2021-09-01 00:10:19.893Z",47119.26,47204.13
"exness","BTCUSDm","2021-09-01 00:10:20.691Z",47122.12,47188.72
"exness","BTCUSDm","2021-09-01 00:10:21.040Z",47109.92,47187.7
"exness","BTCUSDm","2021-09-01 00:10:21.176Z",47091.07,47189.51
"exness","BTCUSDm","2021-09-01 00:10:21.777Z",47100.54,47196.49
"exness","BTCUSDm","2021-09-01 00:10:22.138Z",47115.31,47196.71
"exness","BTCUSDm","2021-09-01 00:10:22.371Z",47117.21,47212.36
"exness","BTCUSDm","2021-09-01 00:10:23.026Z",47127.76,47204.16
"exness","BTCUSDm","2021-09-01 00:10:23.243Z",47127.97,47220.61
"exness","BTCUSDm","2021-09-01 00:10:23.439Z",47130.66,47238.26
"exness","BTCUSDm","2021-09-01 00:10:24.696Z",47154.3,47228.51
"exness","BTCUSDm","2021-09-01 00:10:25.723Z",47158.65,47221.3
"exness","BTCUSDm","2021-09-01 00:10:25.965Z",47143.88,47222.96
"exness","BTCUSDm","2021-09-01 00:10:27.395Z",47140.64,47214.75
"exness","BTCUSDm","2021-09-01 00:10:28.416Z",47140.18,47209.98
"exness","BTCUSDm","2021-09-01 00:10:29.440Z",47142.43,47206.46
"exness","BTCUSDm","2021-09-01 00:10:30.460Z",47143.39,47204.44
"exness","BTCUSDm","2021-09-01 00:10:31.478Z",47142.37,47203.94
"exness","BTCUSDm","2021-09-01 00:10:32.489Z",47141.42,47203.06
"exness","BTCUSDm","2021-09-01 00:10:33.583Z",47141.91,47200.9
"exness","BTCUSDm","2021-09-01 00:10:34.583Z",47143.03,47198.72
"exness","BTCUSDm","2021-09-01 00:10:35.954Z",47142.75,47197.88
"exness","BTCUSDm","2021-09-01 00:10:36.519Z",47141.91,47203.65
"exness","BTCUSDm","2021-09-01 00:10:36.999Z",47143.54,47214.45
"exness","BTCUSDm","2021-09-01 00:10:37.840Z",47146.99,47206.99
"exness","BTCUSDm","2021-09-01 00:10:38.496Z",47137.66,47217.22
"exness","BTCUSDm","2021-09-01 00:10:38.633Z",47137.62,47234.7
"exness","BTCUSDm","2021-09-01 00:10:38.750Z",47142.03,47252.15
"exness","BTCUSDm","2021-09-01 00:10:39.390Z",47162.87,47248.85
"exness","BTCUSDm","2021-09-01 00:10:40.472Z",47167.99,47240.24
"exness","BTCUSDm","2021-09-01 00:10:40.796Z",47156.44,47237.13
"exness","BTCUSDm","2021-09-01 00:10:41.692Z",47149.76,47228.25
"exness","BTCUSDm","2021-09-01 00:10:42.399Z",47153.43,47223.26
"exness","BTCUSDm","2021-09-01 00:10:43.074Z",47159.66,47229.99
"exness","BTCUSDm","2021-09-01 00:10:43.772Z",47154.02,47228.77
"exness","BTCUSDm","2021-09-01 00:10:44.438Z",47157.19,47222.42
"exness","BTCUSDm","2021-09-01 00:10:45.176Z",47154.19,47215.35
"exness","BTCUSDm","2021-09-01 00:10:45.359Z",47142.24,47215.3
"exness","BTCUSDm","2021-09-01 00:10:45.960Z",47130.51,47212.1
"exness","BTCUSDm","2021-09-01 00:10:46.971Z",47136.69,47204.05
"exness","BTCUSDm","2021-09-01 00:10:47.629Z",47139.48,47207.96
"exness","BTCUSDm","2021-09-01 00:10:47.637Z",47136.91,47225.35
"exness","BTCUSDm","2021-09-01 00:10:47.992Z",47140.62,47241.27
"exness","BTCUSDm","2021-09-01 00:10:49.010Z",47160.19,47235.98
"exness","BTCUSDm","2021-09-01 00:10:49.614Z",47165.94,47236.38
"exness","BTCUSDm","2021-09-01 00:10:49.974Z",47158.09,47231.12
"exness","BTCUSDm","2021-09-01 00:10:50.268Z",47145.64,47228.4
"exness","BTCUSDm","2021-09-01 00:10:51.097Z",47142.98,47216.82
"exness","BTCUSDm","2021-09-01 00:10:51.787Z",47138.37,47214.12
"exness","BTCUSDm","2021-09-01 00:10:52.402Z",47124.14,47212.59
"exness","BTCUSDm","2021-09-01 00:10:53.020Z",47123.67,47200.74
"exness","BTCUSDm","2021-09-01 00:10:53.025Z",47105.81,47201.81
"exness","BTCUSDm","2021-09-01 00:10:53.970Z",47113.37,47187.59
"exness","BTCUSDm","2021-09-01 00:10:54.850Z",47118.74,47188.3
"exness","BTCUSDm","2021-09-01 00:10:55.214Z",47105.63,47187.23
"exness","BTCUSDm","2021-09-01 00:10:55.609Z",47105.59,47174.59
"exness","BTCUSDm","2021-09-01 00:10:56.628Z",47103.9,47170.54
"exness","BTCUSDm","2021-09-01 00:10:56.686Z",47089.26,47171.22
"exness","BTCUSDm","2021-09-01 00:10:57.367Z",47094.2,47174.06
"exness","BTCUSDm","2021-09-01 00:10:58.181Z",47102.36,47181.45
"exness","BTCUSDm","2021-09-01 00:10:59.174Z",47104.23,47174.06
"exness","BTCUSDm","2021-09-01 00:10:59.503Z",47090.31,47173.54
"exness","BTCUSDm","2021-09-01 00:11:00.220Z",47083.1,47164.64
"exness","BTCUSDm","2021-09-01 00:11:01.238Z",47088.44,47155.29
"exness","BTCUSDm","2021-09-01 00:11:02.389Z",47097.03,47157.12
"exness","BTCUSDm","2021-09-01 00:11:03.475Z",47095.67,47155.05
"exness","BTCUSDm","2021-09-01 00:11:04.070Z",47096.9,47159.21
"exness","BTCUSDm","2021-09-01 00:11:04.675Z",47100.17,47168.17
"exness","BTCUSDm","2021-09-01 00:11:04.791Z",47100.07,47182.7
"exness","BTCUSDm","2021-09-01 00:11:05.895Z",47100.52,47171.04
"exness","BTCUSDm","2021-09-01 00:11:06.866Z",47094.01,47164.16
"exness","BTCUSDm","2021-09-01 00:11:07.320Z",47101.29,47169.99
"exness","BTCUSDm","2021-09-01 00:11:08.423Z",47106.95,47168.23
"exness","BTCUSDm","2021-09-01 00:11:08.985Z",47103.62,47165.86
"exness","BTCUSDm","2021-09-01 00:11:10.010Z",47102.24,47163.99
"exness","BTCUSDm","2021-09-01 00:11:10.179Z",47088.35,47165.52
"exness","BTCUSDm","2021-09-01 00:11:10.910Z",47099.43,47167.3
"exness","BTCUSDm","2021-09-01 00:11:11.927Z",47102.21,47162.34
"exness","BTCUSDm","2021-09-01 00:11:12.203Z",47090.01,47162.78
"exness","BTCUSDm","2021-09-01 00:11:13.124Z",47095.45,47160.01
"exness","BTCUSDm","2021-09-01 00:11:14.086Z",47084.95,47157.96
"exness","BTCUSDm","2021-09-01 00:11:14.806Z",47089.3,47160.24
"exness","BTCUSDm","2021-09-01 00:11:15.406Z",47096.1,47166.32
"exness","BTCUSDm","2021-09-01 00:11:16.131Z",47100.58,47176.16
"exness","BTCUSDm","2021-09-01 00:11:16.843Z",47102.48,47163.77
"exness","BTCUSDm","2021-09-01 00:11:18.107Z",47098.35,47157.8
"exness","BTCUSDm","2021-09-01 00:11:18.723Z",47084.34,47159.64
"exness","BTCUSDm","2021-09-01 00:11:19.764Z",47085.24,47154.94
"exness","BTCUSDm","2021-09-01 00:11:20.771Z",47090.25,47153.8
"exness","BTCUSDm","2021-09-01 00:11:21.043Z",47093.79,47162.41
"exness","BTCUSDm","2021-09-01 00:11:21.638Z",47093.81,47162.18
"exness","BTCUSDm","2021-09-01 00:11:22.475Z",47090.39,47159.04
"exness","BTCUSDm","2021-09-01 00:11:23.924Z",47082.09,47157.42
"exness","BTCUSDm","2021-09-01 00:11:24.666Z",47082.46,47151.3
"exness","BTCUSDm","2021-09-01 00:11:25.682Z",47085,47147.07
"exness","BTCUSDm","2021-09-01 00:11:26.698Z",47083.76,47144.84
"exness","BTCUSDm","2021-09-01 00:11:27.580Z",47082.58,47141.11
"exness","BTCUSDm","2021-09-01 00:11:28.302Z",47081.34,47142.38
"exness","BTCUSDm","2021-09-01 00:11:28.541Z",47081.79,47153.63
"exness","BTCUSDm","2021-09-01 00:11:29.163Z",47087.78,47162.25
"exness","BTCUSDm","2021-09-01 00:11:29.219Z",47084.94,47182.58
"exness","BTCUSDm","2021-09-01 00:11:30.726Z",47102.43,47174.54
"exness","BTCUSDm","2021-09-01 00:11:31.733Z",47104.26,47171.59
"exness","BTCUSDm","2021-09-01 00:11:32.746Z",47106.23,47168.42
"exness","BTCUSDm","2021-09-01 00:11:33.709Z",47105.89,47174.49
"exness","BTCUSDm","2021-09-01 00:11:34.305Z",47100.23,47173.56
"exness","BTCUSDm","2021-09-01 00:11:34.664Z",47090.48,47169.74
"exness","BTCUSDm","2021-09-01 00:11:35.628Z",47092.02,47156.63
"exness","BTCUSDm","2021-09-01 00:11:36.645Z",47094.69,47158.21
"exness","BTCUSDm","2021-09-01 00:11:37.739Z",47092.35,47160.88
"exness","BTCUSDm","2021-09-01 00:11:38.335Z",47091.51,47160.82
"exness","BTCUSDm","2021-09-01 00:11:38.341Z",47074.04,47163.15
"exness","BTCUSDm","2021-09-01 00:11:39.056Z",47065.88,47154.08
"exness","BTCUSDm","2021-09-01 00:11:40.264Z",47063.2,47143.49
"exness","BTCUSDm","2021-09-01 00:11:40.980Z",47068.26,47146.21
"exness","BTCUSDm","2021-09-01 00:11:41.518Z",47073.29,47144.2
"exness","BTCUSDm","2021-09-01 00:11:42.564Z",47076.22,47138.84
"exness","BTCUSDm","2021-09-01 00:11:43.205Z",47073.95,47135.58
"exness","BTCUSDm","2021-09-01 00:11:44.222Z",47075.21,47132.16
"exness","BTCUSDm","2021-09-01 00:11:44.823Z",47076.42,47136.01
"exness","BTCUSDm","2021-09-01 00:11:46.070Z",47081.65,47140.45
"exness","BTCUSDm","2021-09-01 00:11:47.106Z",47080.88,47138.87
"exness","BTCUSDm","2021-09-01 00:11:48.067Z",47082.61,47142.36
"exness","BTCUSDm","2021-09-01 00:11:49.069Z",47081.55,47139.62
"exness","BTCUSDm","2021-09-01 00:11:50.162Z",47083.78,47139.6
"exness","BTCUSDm","2021-09-01 00:11:51.174Z",47084.87,47139.98
"exness","BTCUSDm","2021-09-01 00:11:51.531Z",47083.5,47151.83
"exness","BTCUSDm","2021-09-01 00:11:52.369Z",47081.74,47153.42
"exness","BTCUSDm","2021-09-01 00:11:53.275Z",47084.42,47146.34
"exness","BTCUSDm","2021-09-01 00:11:54.273Z",47085.21,47141.48
"exness","BTCUSDm","2021-09-01 00:11:55.601Z",47078.29,47144.83
"exness","BTCUSDm","2021-09-01 00:11:56.599Z",47082.23,47141.9
"exness","BTCUSDm","2021-09-01 00:11:57.651Z",47082.5,47141.55
"exness","BTCUSDm","2021-09-01 00:11:58.682Z",47082.09,47142.82
"exness","BTCUSDm","2021-09-01 00:11:59.677Z",47082.78,47143.7
"exness","BTCUSDm","2021-09-01 00:12:00.674Z",47080.5,47141.21
"exness","BTCUSDm","2021-09-01 00:12:01.687Z",47081.86,47138.84
"exness","BTCUSDm","2021-09-01 00:12:02.695Z",47082.89,47139.2
"exness","BTCUSDm","2021-09-01 00:12:03.705Z",47083.14,47143.72
"exness","BTCUSDm","2021-09-01 00:12:04.955Z",47084.17,47147.81
"exness","BTCUSDm","2021-09-01 00:12:05.691Z",47079.84,47146.14
"exness","BTCUSDm","2021-09-01 00:12:06.541Z",47075.29,47144.32
"exness","BTCUSDm","2021-09-01 00:12:06.676Z",47060.51,47144.65
"exness","BTCUSDm","2021-09-01 00:12:06.854Z",47046.98,47140.14
"exness","BTCUSDm","2021-09-01 00:12:07.514Z",47052.44,47129.19
"exness","BTCUSDm","2021-09-01 00:12:08.231Z",47055.81,47133.51
"exness","BTCUSDm","2021-09-01 00:12:08.747Z",47056.86,47149.34
"exness","BTCUSDm","2021-09-01 00:12:09.773Z",47067.26,47140.86
"exness","BTCUSDm","2021-09-01 00:12:10.135Z",47056.8,47136.57
"exness","BTCUSDm","2021-09-01 00:12:11.032Z",47066.21,47131.4
"exness","BTCUSDm","2021-09-01 00:12:11.647Z",47072.46,47136.58
"exness","BTCUSDm","2021-09-01 00:12:12.257Z",47073.39,47141.66
"exness","BTCUSDm","2021-09-01 00:12:12.907Z",47062.23,47139.59
"exness","BTCUSDm","2021-09-01 00:12:13.501Z",47059.94,47140.81
"exness","BTCUSDm","2021-09-01 00:12:14.177Z",47047.53,47138.67
"exness","BTCUSDm","2021-09-01 00:12:14.914Z",47034.62,47134.1
"exness","BTCUSDm","2021-09-01 00:12:15.423Z",47050.66,47128.95
"exness","BTCUSDm","2021-09-01 00:12:16.207Z",47050.13,47136.19
"exness","BTCUSDm","2021-09-01 00:12:16.210Z",47050.27,47152.74
"exness","BTCUSDm","2021-09-01 00:12:17.240Z",47058.08,47165.13
"exness","BTCUSDm","2021-09-01 00:12:18.338Z",47073.77,47159.14
"exness","BTCUSDm","2021-09-01 00:12:18.796Z",47062.43,47155.07
"exness","BTCUSDm","2021-09-01 00:12:19.592Z",47061.12,47149.18
"exness","BTCUSDm","2021-09-01 00:12:19.765Z",47047.37,47146.56
"exness","BTCUSDm","2021-09-01 00:12:20.784Z",47052.61,47137.54
"exness","BTCUSDm","2021-09-01 00:12:21.874Z",47054.76,47133.61
"exness","BTCUSDm","2021-09-01 00:12:22.892Z",47053.77,47133.41
"exness","BTCUSDm","2021-09-01 00:12:23.927Z",47053.29,47133.69
"exness","BTCUSDm","2021-09-01 00:12:24.974Z",47055.09,47131.94
"exness","BTCUSDm","2021-09-01 00:12:26.447Z",47059.29,47138.93
"exness","BTCUSDm","2021-09-01 00:12:27.174Z",47054.49,47137.02
"exness","BTCUSDm","2021-09-01 00:12:27.189Z",47038.66,47137.41
"exness","BTCUSDm","2021-09-01 00:12:27.780Z",47031.15,47138.67
"exness","BTCUSDm","2021-09-01 00:12:28.837Z",47042.63,47128.18
"exness","BTCUSDm","2021-09-01 00:12:29.433Z",47048.32,47136.15
"exness","BTCUSDm","2021-09-01 00:12:29.638Z",47048.97,47150.58
"exness","BTCUSDm","2021-09-01 00:12:30.179Z",47058.39,47158.7
"exness","BTCUSDm","2021-09-01 00:12:30.202Z",47056.5,47180.82
"exness","BTCUSDm","2021-09-01 00:12:30.550Z",47059.88,47202.58
"exness","BTCUSDm","2021-09-01 00:12:30.759Z",47068.63,47178.17
"exness","BTCUSDm","2021-09-01 00:12:31.143Z",47061.64,47167.13
"exness","BTCUSDm","2021-09-01 00:12:31.856Z",47071.07,47174.06
"exness","BTCUSDm","2021-09-01 00:12:32.061Z",47073.62,47191.3
"exness","BTCUSDm","2021-09-01 00:12:32.907Z",47088.3,47174.05
"exness","BTCUSDm","2021-09-01 00:12:33.019Z",47075.16,47172.92
"exness","BTCUSDm","2021-09-01 00:12:33.557Z",47062.97,47167.98
"exness","BTCUSDm","2021-09-01 00:12:34.346Z",47066.14,47158.76
"exness","BTCUSDm","2021-09-01 00:12:35.105Z",47061.14,47150.14
"exness","BTCUSDm","2021-09-01 00:12:35.768Z",47064.38,47154.19
"exness","BTCUSDm","2021-09-01 00:12:37.171Z",47065.84,47144.84
"exness","BTCUSDm","2021-09-01 00:12:37.811Z",47062.45,47142.24
"exness","BTCUSDm","2021-09-01 00:12:39.055Z",47057.65,47140.55
"exness","BTCUSDm","2021-09-01 00:12:40.067Z",47061.53,47138.13
"exness","BTCUSDm","2021-09-01 00:12:40.980Z",47063,47148.75
"exness","BTCUSDm","2021-09-01 00:12:42.069Z",47058.03,47155.31
"exness","BTCUSDm","2021-09-01 00:12:43.269Z",47062.17,47148.31
"exness","BTCUSDm","2021-09-01 00:12:44.107Z",47068.52,47154.7
"exness","BTCUSDm","2021-09-01 00:12:44.671Z",47071.65,47158.15
"exness","BTCUSDm","2021-09-01 00:12:45.204Z",47074.28,47162.09
"exness","BTCUSDm","2021-09-01 00:12:46.209Z",47072.68,47158.11
"exness","BTCUSDm","2021-09-01 00:12:47.292Z",47076.64,47154.31
"exness","BTCUSDm","2021-09-01 00:12:47.999Z",47068.23,47155.62
"exness","BTCUSDm","2021-09-01 00:12:49.056Z",47067.69,47150.96
"exness","BTCUSDm","2021-09-01 00:12:50.463Z",47070.71,47145.96
"exness","BTCUSDm","2021-09-01 00:12:51.470Z",47069.41,47144.95
"exness","BTCUSDm","2021-09-01 00:12:52.200Z",47070.3,47149.43
"exness","BTCUSDm","2021-09-01 00:12:52.810Z",47072.9,47158.86
"exness","BTCUSDm","2021-09-01 00:12:53.405Z",47075.2,47152.38
"exness","BTCUSDm","2021-09-01 00:12:54.121Z",47063.85,47152.3
"exness","BTCUSDm","2021-09-01 00:12:55.142Z",47063.01,47149.45
"exness","BTCUSDm","2021-09-01 00:12:55.985Z",47054.24,47144.55
"exness","BTCUSDm","2021-09-01 00:12:57.239Z",47044.06,47139.87
"exness","BTCUSDm","2021-09-01 00:12:57.842Z",47038.04,47138.06
"exness","BTCUSDm","2021-09-01 00:12:58.866Z",47037.21,47132.71
"exness","BTCUSDm","2021-09-01 00:12:59.907Z",47041.55,47131.95
"exness","BTCUSDm","2021-09-01 00:13:00.952Z",47045.57,47129.95
"exness","BTCUSDm","2021-09-01 00:13:01.834Z",47043.11,47132.51
"exness","BTCUSDm","2021-09-01 00:13:02.977Z",47047.57,47134.46
"exness","BTCUSDm","2021-09-01 00:13:03.149Z",47048.34,47148.01
"exness","BTCUSDm","2021-09-01 00:13:03.374Z",47052.17,47162.44
"exness","BTCUSDm","2021-09-01 00:13:04.069Z",47068.64,47158.91
"exness","BTCUSDm","2021-09-01 00:13:04.576Z",47066.27,47154.71
"exness","BTCUSDm","2021-09-01 00:13:04.930Z",47055.86,47151.18
"exness","BTCUSDm","2021-09-01 00:13:05.945Z",47063.36,47143.7
"exness","BTCUSDm","2021-09-01 00:13:06.669Z",47057.9,47143.34
"exness","BTCUSDm","2021-09-01 00:13:07.266Z",47045.16,47142.18
"exness","BTCUSDm","2021-09-01 00:13:08.278Z",47047.36,47136.94
"exness","BTCUSDm","2021-09-01 00:13:09.243Z",47043.04,47134.23
"exness","BTCUSDm","2021-09-01 00:13:10.769Z",47041.94,47129.02
"exness","BTCUSDm","2021-09-01 00:13:11.654Z",47038.46,47125.77
"exness","BTCUSDm","2021-09-01 00:13:12.667Z",47034.61,47125.17
"exness","BTCUSDm","2021-09-01 00:13:13.679Z",47034.27,47124.65
"exness","BTCUSDm","2021-09-01 00:13:14.714Z",47034.87,47121.93
"exness","BTCUSDm","2021-09-01 00:13:15.723Z",47035.39,47120.28
"exness","BTCUSDm","2021-09-01 00:13:16.741Z",47037.15,47117.52
"exness","BTCUSDm","2021-09-01 00:13:17.786Z",47038.05,47115.65
"exness","BTCUSDm","2021-09-01 00:13:18.814Z",47038.25,47115.32
"exness","BTCUSDm","2021-09-01 00:13:19.403Z",47039.6,47119.29
"exness","BTCUSDm","2021-09-01 00:13:20.473Z",47042.65,47118.54
"exness","BTCUSDm","2021-09-01 00:13:21.723Z",47038.99,47121.76
"exness","BTCUSDm","2021-09-01 00:13:22.279Z",47034.21,47120.43
"exness","BTCUSDm","2021-09-01 00:13:23.268Z",47029.47,47119.16
"exness","BTCUSDm","2021-09-01 00:13:24.310Z",47033.88,47114.66
"exness","BTCUSDm","2021-09-01 00:13:25.326Z",47033.5,47114.1
"exness","BTCUSDm","2021-09-01 00:13:26.401Z",47034.4,47112.79
"exness","BTCUSDm","2021-09-01 00:13:27.476Z",47034.27,47111.34
"exness","BTCUSDm","2021-09-01 00:13:28.205Z",47036.45,47114.58
"exness","BTCUSDm","2021-09-01 00:13:29.219Z",47034.87,47112.17
"exness","BTCUSDm","2021-09-01 00:13:30.278Z",47035.78,47111.1
"exness","BTCUSDm","2021-09-01 00:13:31.275Z",47036.48,47110.91
"exness","BTCUSDm","2021-09-01 00:13:32.276Z",47037.04,47110.36
"exness","BTCUSDm","2021-09-01 00:13:33.287Z",47037.06,47109.68
"exness","BTCUSDm","2021-09-01 00:13:34.332Z",47036.82,47109.02
"exness","BTCUSDm","2021-09-01 00:13:35.358Z",47038.04,47107.73
"exness","BTCUSDm","2021-09-01 00:13:36.367Z",47034.14,47107.81
"exness","BTCUSDm","2021-09-01 00:13:37.378Z",47033.32,47107.03
"exness","BTCUSDm","2021-09-01 00:13:38.011Z",47029.42,47106.06
"exness","BTCUSDm","2021-09-01 00:13:39.019Z",47030.45,47104.65
"exness","BTCUSDm","2021-09-01 00:13:40.079Z",47031.77,47107.28
"exness","BTCUSDm","2021-09-01 00:13:41.068Z",47033.41,47105.38
"exness","BTCUSDm","2021-09-01 00:13:41.709Z",47030.08,47104.03
"exness","BTCUSDm","2021-09-01 00:13:42.351Z",47024.93,47109.88
"exness","BTCUSDm","2021-09-01 00:13:42.497Z",47024.14,47124.95
"exness","BTCUSDm","2021-09-01 00:13:43.628Z",47017.87,47115.54
"exness","BTCUSDm","2021-09-01 00:13:43.978Z",47012.34,47106.28
"exness","BTCUSDm","2021-09-01 00:13:44.096Z",46997.22,47105.15
"exness","BTCUSDm","2021-09-01 00:13:45.127Z",46994.71,47092.39
"exness","BTCUSDm","2021-09-01 00:13:45.132Z",47003.08,47100
"exness","BTCUSDm","2021-09-01 00:13:45.434Z",46999.61,47089.86
"exness","BTCUSDm","2021-09-01 00:13:46.030Z",46997.33,47085.59
"exness","BTCUSDm","2021-09-01 00:13:47.103Z",46997.14,47081.17
"exness","BTCUSDm","2021-09-01 00:13:48.136Z",47001.35,47077.7
"exness","BTCUSDm","2021-09-01 00:13:48.487Z",46990.44,47077.02
"exness","BTCUSDm","2021-09-01 00:13:49.151Z",46991.6,47083.19
"exness","BTCUSDm","2021-09-01 00:13:49.217Z",46991.91,47098.82
"exness","BTCUSDm","2021-09-01 00:13:50.235Z",46993.32,47084.73
"exness","BTCUSDm","2021-09-01 00:13:50.838Z",46988.73,47090.18
"exness","BTCUSDm","2021-09-01 00:13:51.625Z",46996.12,47100.17
"exness","BTCUSDm","2021-09-01 00:13:52.223Z",46997.6,47096.79
"exness","BTCUSDm","2021-09-01 00:13:52.691Z",46978.82,47097.33
"exness","BTCUSDm","2021-09-01 00:13:53.245Z",46983.92,47085.7
"exness","BTCUSDm","2021-09-01 00:13:53.833Z",46978.7,47092
"exness","BTCUSDm","2021-09-01 00:13:55.012Z",46990.81,47081.71
"exness","BTCUSDm","2021-09-01 00:13:56.340Z",46994.83,47081.37
"exness","BTCUSDm","2021-09-01 00:13:56.939Z",46991.26,47078.3
"exness","BTCUSDm","2021-09-01 00:13:57.667Z",46984.46,47078.35
"exness","BTCUSDm","2021-09-01 00:13:58.391Z",46980.78,47089.64
"exness","BTCUSDm","2021-09-01 00:13:58.837Z",46988.47,47099.49
"exness","BTCUSDm","2021-09-01 00:13:59.835Z",46993.58,47089.44
"exness","BTCUSDm","2021-09-01 00:14:00.087Z",46991.2,47109.1
"exness","BTCUSDm","2021-09-01 00:14:00.504Z",47000.59,47120.44
"exness","BTCUSDm","2021-09-01 00:14:01.348Z",47011.38,47114.88
"exness","BTCUSDm","2021-09-01 00:14:01.945Z",47020.62,47102.53
"exness","BTCUSDm","2021-09-01 00:14:02.585Z",47014.22,47096.79
"exness","BTCUSDm","2021-09-01 00:14:02.589Z",47000.39,47097.49
"exness","BTCUSDm","2021-09-01 00:14:03.788Z",46995.76,47087.88
"exness","BTCUSDm","2021-09-01 00:14:04.267Z",46978.57,47089.16
"exness","BTCUSDm","2021-09-01 00:14:05.644Z",46977.61,47073.48
"exness","BTCUSDm","2021-09-01 00:14:06.669Z",46982.27,47067.38
"exness","BTCUSDm","2021-09-01 00:14:07.449Z",46978.96,47070.49
"exness","BTCUSDm","2021-09-01 00:14:07.939Z",46972.21,47062.47
"exness","BTCUSDm","2021-09-01 00:14:08.948Z",46972.82,47057.02
"exness","BTCUSDm","2021-09-01 00:14:09.674Z",46975.71,47060.89
"exness","BTCUSDm","2021-09-01 00:14:09.801Z",46975.2,47075.99
"exness","BTCUSDm","2021-09-01 00:14:10.963Z",46981.84,47084.03
"exness","BTCUSDm","2021-09-01 00:14:12.073Z",46989.62,47084.08
"exness","BTCUSDm","2021-09-01 00:14:12.614Z",46980.64,47076.96
"exness","BTCUSDm","2021-09-01 00:14:13.334Z",46985.5,47078.04
"exness","BTCUSDm","2021-09-01 00:14:14.361Z",46992.18,47070.65
"exness","BTCUSDm","2021-09-01 00:14:15.204Z",46984.41,47071.05
"exness","BTCUSDm","2021-09-01 00:14:15.432Z",46971.86,47068.66
"exness","BTCUSDm","2021-09-01 00:14:16.395Z",46976.44,47059.35
"exness","BTCUSDm","2021-09-01 00:14:16.761Z",46979.63,47069.55
"exness","BTCUSDm","2021-09-01 00:14:17.680Z",46987.31,47075.66
"exness","BTCUSDm","2021-09-01 00:14:18.252Z",46979.92,47071.81
"exness","BTCUSDm","2021-09-01 00:14:18.924Z",46978.7,47065.62
"exness","BTCUSDm","2021-09-01 00:14:18.944Z",46961.5,47066.11
"exness","BTCUSDm","2021-09-01 00:14:20.422Z",46974.93,47051.16
"exness","BTCUSDm","2021-09-01 00:14:21.008Z",46977.89,47060.46
"exness","BTCUSDm","2021-09-01 00:14:21.255Z",46976.68,47077.31
"exness","BTCUSDm","2021-09-01 00:14:22.476Z",46987.97,47073.96
"exness","BTCUSDm","2021-09-01 00:14:23.516Z",46989.58,47068.68
"exness","BTCUSDm","2021-09-01 00:14:24.182Z",46989.94,47074.99
"exness","BTCUSDm","2021-09-01 00:14:24.547Z",46990.8,47090.6
"exness","BTCUSDm","2021-09-01 00:14:25.285Z",46994.51,47081.04
"exness","BTCUSDm","2021-09-01 00:14:26.286Z",46992.91,47075.89
"exness","BTCUSDm","2021-09-01 00:14:26.594Z",46977.88,47075.57
"exness","BTCUSDm","2021-09-01 00:14:27.121Z",46986.53,47067.15
"exness","BTCUSDm","2021-09-01 00:14:27.193Z",46984.67,47084.75
"exness","BTCUSDm","2021-09-01 00:14:27.308Z",46982.51,47108.6
"exness","BTCUSDm","2021-09-01 00:14:28.518Z",46998.21,47115.37
"exness","BTCUSDm","2021-09-01 00:14:29.411Z",47009.93,47106.77
"exness","BTCUSDm","2021-09-01 00:14:29.643Z",47017.89,47116.38
"exness","BTCUSDm","2021-09-01 00:14:30.732Z",47026.42,47107.55
"exness","BTCUSDm","2021-09-01 00:14:31.563Z",47031.87,47115.09
"exness","BTCUSDm","2021-09-01 00:14:32.949Z",47033.86,47109.66
"exness","BTCUSDm","2021-09-01 00:14:33.673Z",47040.52,47114.39
"exness","BTCUSDm","2021-09-01 00:14:34.272Z",47046.28,47119.63
"exness","BTCUSDm","2021-09-01 00:14:34.450Z",47048.44,47130.53
"exness","BTCUSDm","2021-09-01 00:14:34.924Z",47048.89,47144.85
"exness","BTCUSDm","2021-09-01 00:14:35.428Z",47047.78,47129.36
"exness","BTCUSDm","2021-09-01 00:14:36.526Z",47059.96,47129.53
"exness","BTCUSDm","2021-09-01 00:14:36.843Z",47060.33,47143.2
"exness","BTCUSDm","2021-09-01 00:14:37.431Z",47061.77,47150.2
"exness","BTCUSDm","2021-09-01 00:14:38.455Z",47068.88,47149.78
"exness","BTCUSDm","2021-09-01 00:14:39.467Z",47076.42,47147.09
"exness","BTCUSDm","2021-09-01 00:14:39.895Z",47073.92,47154.59
"exness","BTCUSDm","2021-09-01 00:14:40.386Z",47063.99,47151.58
"exness","BTCUSDm","2021-09-01 00:14:41.119Z",47059.51,47136.51
"exness","BTCUSDm","2021-09-01 00:14:41.712Z",47059.37,47130.51
"exness","BTCUSDm","2021-09-01 00:14:42.253Z",47058.37,47125.51
"exness","BTCUSDm","2021-09-01 00:14:42.328Z",47043.86,47125.95
"exness","BTCUSDm","2021-09-01 00:14:43.404Z",47052.67,47119.29
"exness","BTCUSDm","2021-09-01 00:14:43.997Z",47046.06,47113.25
"exness","BTCUSDm","2021-09-01 00:14:44.424Z",47032.97,47112.6
"exness","BTCUSDm","2021-09-01 00:14:44.656Z",47019.85,47108.9
"exness","BTCUSDm","2021-09-01 00:14:44.786Z",46999.97,47108.4
"exness","BTCUSDm","2021-09-01 00:14:45.616Z",47004.3,47101.66
"exness","BTCUSDm","2021-09-01 00:14:46.453Z",47022.24,47097.42
"exness","BTCUSDm","2021-09-01 00:14:47.088Z",47023.56,47090.75
"exness","BTCUSDm","2021-09-01 00:14:47.667Z",47021.97,47086.59
"exness","BTCUSDm","2021-09-01 00:14:48.182Z",47022.92,47081.24
"exness","BTCUSDm","2021-09-01 00:14:48.617Z",47011.54,47081.33
"exness","BTCUSDm","2021-09-01 00:14:49.229Z",47011.07,47076.28
"exness","BTCUSDm","2021-09-01 00:14:50.248Z",47010.73,47074.14
"exness","BTCUSDm","2021-09-01 00:14:50.598Z",46996.46,47075.38
"exness","BTCUSDm","2021-09-01 00:14:51.139Z",46988.95,47067.83
"exness","BTCUSDm","2021-09-01 00:14:51.912Z",46991.59,47064.98
"exness","BTCUSDm","2021-09-01 00:14:52.964Z",46997.81,47059.58
"exness","BTCUSDm","2021-09-01 00:14:53.272Z",47001.53,47067.14
"exness","BTCUSDm","2021-09-01 00:14:53.608Z",46999.49,47083
"exness","BTCUSDm","2021-09-01 00:14:53.616Z",46998.16,47103.68
"exness","BTCUSDm","2021-09-01 00:14:54.378Z",47014.03,47102.43
"exness","BTCUSDm","2021-09-01 00:14:55.076Z",47000.76,47091.25
"exness","BTCUSDm","2021-09-01 00:14:55.095Z",46979.16,47091.91
"exness","BTCUSDm","2021-09-01 00:14:55.547Z",46967.47,47079.65
"exness","BTCUSDm","2021-09-01 00:14:56.198Z",46981.34,47072.7
"exness","BTCUSDm","2021-09-01 00:14:56.939Z",46991.68,47080.25
"exness","BTCUSDm","2021-09-01 00:14:57.640Z",47000.63,47088.59
"exness","BTCUSDm","2021-09-01 00:14:58.406Z",47001.85,47088.34
"exness","BTCUSDm","2021-09-01 00:14:58.864Z",47002.35,47107.31
"exness","BTCUSDm","2021-09-01 00:14:59.476Z",47011.69,47092.87
"exness","BTCUSDm","2021-09-01 00:14:59.599Z",46994.97,47091.87
"exness","BTCUSDm","2021-09-01 00:15:00.233Z",46999.4,47086.82
"exness","BTCUSDm","2021-09-01 00:15:00.560Z",46991.22,47077.64
"exness","BTCUSDm","2021-09-01 00:15:01.565Z",46990.46,47071.79
"exness","BTCUSDm","2021-09-01 00:15:02.232Z",46999.87,47077.03
"exness","BTCUSDm","2021-09-01 00:15:02.838Z",46998.12,47073.24
"exness","BTCUSDm","2021-09-01 00:15:03.395Z",47002.68,47083.43
"exness","BTCUSDm","2021-09-01 00:15:04.038Z",47012.08,47088.93
"exness","BTCUSDm","2021-09-01 00:15:04.706Z",47018.52,47097.43
"exness","BTCUSDm","2021-09-01 00:15:04.940Z",47024.87,47106.94
"exness","BTCUSDm","2021-09-01 00:15:05.894Z",47035.71,47098.45
"exness","BTCUSDm","2021-09-01 00:15:06.079Z",47020.07,47100.62
"exness","BTCUSDm","2021-09-01 00:15:06.780Z",47026.27,47099.33
"exness","BTCUSDm","2021-09-01 00:15:07.411Z",47033.94,47105.15
"exness","BTCUSDm","2021-09-01 00:15:08.332Z",47043.13,47108.08
"exness","BTCUSDm","2021-09-01 00:15:09.135Z",47040.22,47117.59
"exness","BTCUSDm","2021-09-01 00:15:09.161Z",47039.87,47134.84
"exness","BTCUSDm","2021-09-01 00:15:09.840Z",47045.1,47123.81
"exness","BTCUSDm","2021-09-01 00:15:10.368Z",47045.68,47116.16
"exness","BTCUSDm","2021-09-01 00:15:10.391Z",47027.4,47118.24
"exness","BTCUSDm","2021-09-01 00:15:10.460Z",47006.53,47118.28
"exness","BTCUSDm","2021-09-01 00:15:11.003Z",47006.69,47108.49
"exness","BTCUSDm","2021-09-01 00:15:11.836Z",47018.5,47103.09
"exness","BTCUSDm","2021-09-01 00:15:12.868Z",47021.48,47095.5
"exness","BTCUSDm","2021-09-01 00:15:13.161Z",47024.13,47108.08
"exness","BTCUSDm","2021-09-01 00:15:13.279Z",47025.8,47124.4
"exness","BTCUSDm","2021-09-01 00:15:13.400Z",47028.56,47144.35
"exness","BTCUSDm","2021-09-01 00:15:13.874Z",47046.51,47147.69
"exness","BTCUSDm","2021-09-01 00:15:14.441Z",47062.27,47135.41
"exness","BTCUSDm","2021-09-01 00:15:15.046Z",47060.72,47125.75
"exness","BTCUSDm","2021-09-01 00:15:15.443Z",47049.08,47124.41
"exness","BTCUSDm","2021-09-01 00:15:16.341Z",47055.15,47118.6
"exness","BTCUSDm","2021-09-01 00:15:17.554Z",47061.14,47124.23
"exness","BTCUSDm","2021-09-01 00:15:18.392Z",47063.4,47127.82
"exness","BTCUSDm","2021-09-01 00:15:19.225Z",47056.16,47122.72
"exness","BTCUSDm","2021-09-01 00:15:19.822Z",47060.19,47130.33
"exness","BTCUSDm","2021-09-01 00:15:20.377Z",47065.28,47130.79
"exness","BTCUSDm","2021-09-01 00:15:20.964Z",47065.91,47136.4
"exness","BTCUSDm","2021-09-01 00:15:21.436Z",47071.16,47145.1
"exness","BTCUSDm","2021-09-01 00:15:22.280Z",47074.78,47148.76
"exness","BTCUSDm","2021-09-01 00:15:22.878Z",47082.5,47154.75
"exness","BTCUSDm","2021-09-01 00:15:23.615Z",47087.36,47156
"exness","BTCUSDm","2021-09-01 00:15:24.691Z",47082.48,47148.5
"exness","BTCUSDm","2021-09-01 00:15:25.441Z",47079.92,47145.04
"exness","BTCUSDm","2021-09-01 00:15:25.661Z",47069.62,47142.33
"exness","BTCUSDm","2021-09-01 00:15:26.317Z",47069.19,47132.15
"exness","BTCUSDm","2021-09-01 00:15:26.553Z",47066.03,47141.21
"exness","BTCUSDm","2021-09-01 00:15:27.141Z",47059.75,47140
"exness","BTCUSDm","2021-09-01 00:15:27.604Z",47048.31,47135.62
"exness","BTCUSDm","2021-09-01 00:15:28.405Z",47064.84,47130.27
"exness","BTCUSDm","2021-09-01 00:15:28.834Z",47057.21,47125.61
"exness","BTCUSDm","2021-09-01 00:15:29.294Z",47050.58,47119.54
"exness","BTCUSDm","2021-09-01 00:15:29.824Z",47052.95,47112.89
"exness","BTCUSDm","2021-09-01 00:15:30.509Z",47054.56,47122.79
"exness","BTCUSDm","2021-09-01 00:15:31.435Z",47054.62,47117.58
"exness","BTCUSDm","2021-09-01 00:15:32.385Z",47050.12,47116.09
"exness","BTCUSDm","2021-09-01 00:15:32.864Z",47040.89,47112.37
"exness","BTCUSDm","2021-09-01 00:15:33.197Z",47022.98,47114.17
"exness","BTCUSDm","2021-09-01 00:15:33.205Z",47003.58,47112.85
"exness","BTCUSDm","2021-09-01 00:15:33.894Z",47019.83,47101.33
"exness","BTCUSDm","2021-09-01 00:15:34.841Z",47028.78,47097.38
"exness","BTCUSDm","2021-09-01 00:15:35.203Z",47012.9,47098.39
"exness","BTCUSDm","2021-09-01 00:15:35.590Z",46997.72,47095.54
"exness","BTCUSDm","2021-09-01 00:15:36.084Z",46995.05,47111.52
"exness","BTCUSDm","2021-09-01 00:15:36.447Z",47009.73,47116.85
"exness","BTCUSDm","2021-09-01 00:15:37.132Z",47019.32,47101.87
"exness","BTCUSDm","2021-09-01 00:15:37.227Z",47010.4,47094.04
"exness","BTCUSDm","2021-09-01 00:15:38.025Z",47015.97,47083.92
"exness","BTCUSDm","2021-09-01 00:15:39.202Z",47011.09,47082.83
"exness","BTCUSDm","2021-09-01 00:15:40.038Z",47015.21,47085.39
"exness","BTCUSDm","2021-09-01 00:15:40.641Z",47010.46,47089.42
"exness","BTCUSDm","2021-09-01 00:15:41.132Z",46997.55,47085.39
"exness","BTCUSDm","2021-09-01 00:15:41.823Z",46996.49,47071.63
"exness","BTCUSDm","2021-09-01 00:15:42.026Z",46996.7,47087.66
"exness","BTCUSDm","2021-09-01 00:15:42.629Z",47002.11,47102.27
"exness","BTCUSDm","2021-09-01 00:15:43.671Z",47008.79,47100.99
"exness","BTCUSDm","2021-09-01 00:15:44.601Z",47012.39,47091.21
"exness","BTCUSDm","2021-09-01 00:15:45.328Z",47013.44,47088.89
"exness","BTCUSDm","2021-09-01 00:15:45.897Z",47011.96,47084.15
"exness","BTCUSDm","2021-09-01 00:15:46.914Z",47013.28,47083.66
"exness","BTCUSDm","2021-09-01 00:15:47.608Z",47009.61,47080.51
"exness","BTCUSDm","2021-09-01 00:15:48.574Z",47006.04,47077.2
"exness","BTCUSDm","2021-09-01 00:15:49.111Z",47007.99,47082.37
"exness","BTCUSDm","2021-09-01 00:15:49.239Z",47008.78,47097.57
"exness","BTCUSDm","2021-09-01 00:15:49.941Z",47013.37,47088.52
"exness","BTCUSDm","2021-09-01 00:15:50.256Z",47000.2,47086.2
"exness","BTCUSDm","2021-09-01 00:15:51.767Z",47000.81,47074.85
"exness","BTCUSDm","2021-09-01 00:15:52.646Z",47005.24,47077.61
"exness","BTCUSDm","2021-09-01 00:15:53.422Z",47009.03,47076.42
"exness","BTCUSDm","2021-09-01 00:15:53.656Z",47006.53,47083.92
"exness","BTCUSDm","2021-09-01 00:15:54.469Z",47007.03,47079.31
"exness","BTCUSDm","2021-09-01 00:15:55.514Z",47006.56,47082.38
"exness","BTCUSDm","2021-09-01 00:15:56.247Z",47007.43,47087.8
"exness","BTCUSDm","2021-09-01 00:15:56.970Z",47010.49,47099.31
"exness","BTCUSDm","2021-09-01 00:15:57.930Z",47014.74,47090.55
"exness","BTCUSDm","2021-09-01 00:15:58.662Z",47003.89,47088.14
"exness","BTCUSDm","2021-09-01 00:15:59.707Z",47005.45,47084.25
"exness","BTCUSDm","2021-09-01 00:16:00.637Z",47006.14,47081.79
"exness","BTCUSDm","2021-09-01 00:16:01.815Z",47011.61,47083.3
"exness","BTCUSDm","2021-09-01 00:16:02.553Z",47016.31,47089.97
"exness","BTCUSDm","2021-09-01 00:16:03.277Z",47018.36,47100.67
"exness","BTCUSDm","2021-09-01 00:16:04.240Z",47015.13,47102.83
"exness","BTCUSDm","2021-09-01 00:16:04.473Z",46999.62,47101.49
"exness","BTCUSDm","2021-09-01 00:16:05.559Z",47001.54,47097.28
"exness","BTCUSDm","2021-09-01 00:16:05.910Z",47005.13,47112.85
"exness","BTCUSDm","2021-09-01 00:16:06.164Z",47009.69,47129.48
"exness","BTCUSDm","2021-09-01 00:16:07.005Z",47026.19,47107.58
"exness","BTCUSDm","2021-09-01 00:16:08.070Z",47031.89,47103.27
"exness","BTCUSDm","2021-09-01 00:16:09.096Z",47031.05,47101.28
"exness","BTCUSDm","2021-09-01 00:16:09.214Z",47015.66,47104.09
"exness","BTCUSDm","2021-09-01 00:16:10.246Z",47022.87,47098.13
"exness","BTCUSDm","2021-09-01 00:16:11.269Z",47026.27,47098.12
"exness","BTCUSDm","2021-09-01 00:16:11.793Z",47026.57,47103.91
"exness","BTCUSDm","2021-09-01 00:16:12.293Z",47029.93,47114.26
"exness","BTCUSDm","2021-09-01 00:16:12.873Z",47033.43,47125.86
"exness","BTCUSDm","2021-09-01 00:16:13.957Z",47041.11,47134.87
"exness","BTCUSDm","2021-09-01 00:16:14.620Z",47033.07,47120.88
"exness","BTCUSDm","2021-09-01 00:16:15.697Z",47038.35,47118.1
"exness","BTCUSDm","2021-09-01 00:16:16.708Z",47039.64,47113.32
"exness","BTCUSDm","2021-09-01 00:16:17.612Z",47042.8,47116.36
"exness","BTCUSDm","2021-09-01 00:16:17.629Z",47041.1,47131.26
"exness","BTCUSDm","2021-09-01 00:16:18.227Z",47046.83,47132.4
"exness","BTCUSDm","2021-09-01 00:16:18.577Z",47034.85,47128.25
"exness","BTCUSDm","2021-09-01 00:16:18.583Z",47014.17,47129.9
"exness","BTCUSDm","2021-09-01 00:16:19.057Z",47020.07,47109.02
"exness","BTCUSDm","2021-09-01 00:16:20.308Z",47024.42,47100.9
"exness","BTCUSDm","2021-09-01 00:16:20.555Z",47024.34,47114.4
"exness","BTCUSDm","2021-09-01 00:16:20.560Z",47025.02,47131.29
"exness","BTCUSDm","2021-09-01 00:16:21.523Z",47035.52,47140.85
"exness","BTCUSDm","2021-09-01 00:16:21.990Z",47034.51,47127.11
"exness","BTCUSDm","2021-09-01 00:16:22.238Z",47018.57,47125.26
"exness","BTCUSDm","2021-09-01 00:16:23.304Z",47012.71,47112.3
"exness","BTCUSDm","2021-09-01 00:16:23.499Z",46994.08,47110.9
"exness","BTCUSDm","2021-09-01 00:16:24.512Z",47005.84,47102.95
"exness","BTCUSDm","2021-09-01 00:16:25.176Z",47014.74,47090.62
"exness","BTCUSDm","2021-09-01 00:16:26.184Z",47014.62,47086.26
"exness","BTCUSDm","2021-09-01 00:16:26.733Z",47011.63,47088.96
"exness","BTCUSDm","2021-09-01 00:16:27.126Z",47004.44,47083.46
"exness","BTCUSDm","2021-09-01 00:16:27.749Z",47008.55,47092.26
"exness","BTCUSDm","2021-09-01 00:16:27.836Z",47006.07,47102.7
"exness","BTCUSDm","2021-09-01 00:16:27.839Z",47003.37,47125.99
"exness","BTCUSDm","2021-09-01 00:16:28.547Z",47018.43,47118.07
"exness","BTCUSDm","2021-09-01 00:16:28.780Z",47006.45,47110.98
"exness","BTCUSDm","2021-09-01 00:16:29.429Z",47004.96,47103.94
"exness","BTCUSDm","2021-09-01 00:16:30.470Z",47014.17,47096.1
"exness","BTCUSDm","2021-09-01 00:16:30.993Z",47008.93,47094.31
"exness","BTCUSDm","2021-09-01 00:16:31.840Z",47010.46,47090.77
"exness","BTCUSDm","2021-09-01 00:16:32.375Z",47009.31,47107.29
"exness","BTCUSDm","2021-09-01 00:16:32.976Z",47015.48,47120.08
"exness","BTCUSDm","2021-09-01 00:16:33.584Z",47013.18,47105.75
"exness","BTCUSDm","2021-09-01 00:16:33.998Z",47001.23,47100.22
"exness","BTCUSDm","2021-09-01 00:16:34.719Z",47007.64,47101.98
"exness","BTCUSDm","2021-09-01 00:16:36.100Z",47014.36,47091.24
"exness","BTCUSDm","2021-09-01 00:16:37.068Z",47007.82,47091.37
"exness","BTCUSDm","2021-09-01 00:16:38.325Z",47005.54,47085.21
"exness","BTCUSDm","2021-09-01 00:16:38.918Z",47010.32,47086.19
"exness","BTCUSDm","2021-09-01 00:16:39.065Z",47008.28,47102.45
"exness","BTCUSDm","2021-09-01 00:16:39.166Z",47006.53,47123.53
"exness","BTCUSDm","2021-09-01 00:16:39.712Z",47014.1,47126.44
"exness","BTCUSDm","2021-09-01 00:16:40.177Z",47029.59,47128.8
"exness","BTCUSDm","2021-09-01 00:16:40.775Z",47028.42,47115.33
"exness","BTCUSDm","2021-09-01 00:16:41.919Z",47022.91,47107.95
"exness","BTCUSDm","2021-09-01 00:16:42.642Z",47027.07,47099.63
"exness","BTCUSDm","2021-09-01 00:16:42.993Z",47031.89,47105.95
"exness","BTCUSDm","2021-09-01 00:16:43.125Z",47031.53,47119.53
"exness","BTCUSDm","2021-09-01 00:16:43.848Z",47033.28,47107.49
"exness","BTCUSDm","2021-09-01 00:16:44.294Z",47020.38,47107.34
"exness","BTCUSDm","2021-09-01 00:16:44.995Z",47019.42,47108.13
"exness","BTCUSDm","2021-09-01 00:16:45.575Z",47014.1,47106.34
"exness","BTCUSDm","2021-09-01 00:16:46.534Z",47021.33,47096.63
"exness","BTCUSDm","2021-09-01 00:16:47.276Z",47026.96,47101.38
"exness","BTCUSDm","2021-09-01 00:16:47.911Z",47030.01,47111.23
"exness","BTCUSDm","2021-09-01 00:16:48.938Z",47030.96,47107.4
"exness","BTCUSDm","2021-09-01 00:16:49.952Z",47032.98,47104.7
"exness","BTCUSDm","2021-09-01 00:16:50.509Z",47033.28,47116.55
"exness","BTCUSDm","2021-09-01 00:16:51.574Z",47037.47,47114.57
"exness","BTCUSDm","2021-09-01 00:16:52.564Z",47038.19,47111.88
"exness","BTCUSDm","2021-09-01 00:16:52.908Z",47026.88,47110.54
"exness","BTCUSDm","2021-09-01 00:16:53.509Z",47017.69,47105.09
"exness","BTCUSDm","2021-09-01 00:16:54.222Z",47017.99,47098.73
"exness","BTCUSDm","2021-09-01 00:16:55.067Z",47023.96,47097.79
"exness","BTCUSDm","2021-09-01 00:16:56.085Z",47025.92,47095.71
"exness","BTCUSDm","2021-09-01 00:16:56.911Z",47027.14,47099.93
"exness","BTCUSDm","2021-09-01 00:16:57.469Z",47025.2,47096.47
"exness","BTCUSDm","2021-09-01 00:16:57.527Z",47010.33,47098.82
"exness","BTCUSDm","2021-09-01 00:16:58.426Z",47009.47,47087.21
"exness","BTCUSDm","2021-09-01 00:16:59.032Z",47015.12,47094.59
"exness","BTCUSDm","2021-09-01 00:16:59.438Z",47016.35,47107.59
"exness","BTCUSDm","2021-09-01 00:17:00.266Z",47016.73,47095.14
"exness","BTCUSDm","2021-09-01 00:17:01.595Z",47017.48,47093.04
"exness","BTCUSDm","2021-09-01 00:17:02.634Z",47019.54,47095.15
"exness","BTCUSDm","2021-09-01 00:17:03.770Z",47011.84,47089.97
"exness","BTCUSDm","2021-09-01 00:17:04.731Z",47012.04,47096.37
"exness","BTCUSDm","2021-09-01 00:17:04.967Z",47015.85,47108.17
"exness","BTCUSDm","2021-09-01 00:17:05.296Z",47022.18,47117.15
"exness","BTCUSDm","2021-09-01 00:17:06.099Z",47033.79,47119.39
"exness","BTCUSDm","2021-09-01 00:17:06.348Z",47025.16,47113.59
"exness","BTCUSDm","2021-09-01 00:17:07.506Z",47019,47107.84
"exness","BTCUSDm","2021-09-01 00:17:08.439Z",47024.02,47101.43
"exness","BTCUSDm","2021-09-01 00:17:09.407Z",47021.64,47103.13
"exness","BTCUSDm","2021-09-01 00:17:09.520Z",47005.65,47103.74
"exness","BTCUSDm","2021-09-01 00:17:10.013Z",46999.1,47093.89
"exness","BTCUSDm","2021-09-01 00:17:11.012Z",47008.45,47084.64
"exness","BTCUSDm","2021-09-01 00:17:12.026Z",47010.49,47084.17
"exness","BTCUSDm","2021-09-01 00:17:12.719Z",47014.11,47093.32
"exness","BTCUSDm","2021-09-01 00:17:13.426Z",47019.36,47101.14
"exness","BTCUSDm","2021-09-01 00:17:14.025Z",47016.24,47097.42
"exness","BTCUSDm","2021-09-01 00:17:14.448Z",47003.23,47096.08
"exness","BTCUSDm","2021-09-01 00:17:15.162Z",47005.99,47081.62
"exness","BTCUSDm","2021-09-01 00:17:15.523Z",47011.49,47088.85
"exness","BTCUSDm","2021-09-01 00:17:15.752Z",47010.95,47103.78
"exness","BTCUSDm","2021-09-01 00:17:16.424Z",47014.38,47101.29
"exness","BTCUSDm","2021-09-01 00:17:17.314Z",47015.06,47101.79
"exness","BTCUSDm","2021-09-01 00:17:17.920Z",47011.48,47106.09
"exness","BTCUSDm","2021-09-01 00:17:18.754Z",47018.93,47101.18
"exness","BTCUSDm","2021-09-01 00:17:19.764Z",47023.21,47093.28
"exness","BTCUSDm","2021-09-01 00:17:20.769Z",47025.7,47092.33
"exness","BTCUSDm","2021-09-01 00:17:21.837Z",47027.33,47094.8
"exness","BTCUSDm","2021-09-01 00:17:22.866Z",47027.88,47093.47
"exness","BTCUSDm","2021-09-01 00:17:23.994Z",47028.66,47102.8
"exness","BTCUSDm","2021-09-01 00:17:24.777Z",47030.89,47106.55
"exness","BTCUSDm","2021-09-01 00:17:25.221Z",47032.14,47118.13
"exness","BTCUSDm","2021-09-01 00:17:25.799Z",47037.9,47128.07
"exness","BTCUSDm","2021-09-01 00:17:26.368Z",47044.49,47127.95
"exness","BTCUSDm","2021-09-01 00:17:26.684Z",47045.41,47142.57
"exness","BTCUSDm","2021-09-01 00:17:26.690Z",47044.19,47163.43
"exness","BTCUSDm","2021-09-01 00:17:27.407Z",47061.68,47164.84
"exness","BTCUSDm","2021-09-01 00:17:28.302Z",47074.95,47168.2
"exness","BTCUSDm","2021-09-01 00:17:29.081Z",47087.05,47170.68
"exness","BTCUSDm","2021-09-01 00:17:30.062Z",47090.6,47169.29
"exness","BTCUSDm","2021-09-01 00:17:30.343Z",47073.66,47170.88
"exness","BTCUSDm","2021-09-01 00:17:30.701Z",47061.74,47164.27
"exness","BTCUSDm","2021-09-01 00:17:31.332Z",47074.73,47155.2
"exness","BTCUSDm","2021-09-01 00:17:32.089Z",47070.62,47152.5
"exness","BTCUSDm","2021-09-01 00:17:33.460Z",47075.23,47150.81
"exness","BTCUSDm","2021-09-01 00:17:34.471Z",47078.57,47152.08
"exness","BTCUSDm","2021-09-01 00:17:35.506Z",47078.89,47148.32
"exness","BTCUSDm","2021-09-01 00:17:36.101Z",47080.45,47157.79
"exness","BTCUSDm","2021-09-01 00:17:37.383Z",47084.76,47161.9
"exness","BTCUSDm","2021-09-01 00:17:37.908Z",47074.76,47158.91
"exness","BTCUSDm","2021-09-01 00:17:38.687Z",47079.34,47160.98
"exness","BTCUSDm","2021-09-01 00:17:39.402Z",47080.08,47154.91
"exness","BTCUSDm","2021-09-01 00:17:40.411Z",47081.04,47153.04
"exness","BTCUSDm","2021-09-01 00:17:41.422Z",47081.7,47150.82
"exness","BTCUSDm","2021-09-01 00:17:42.642Z",47078.77,47154.47
"exness","BTCUSDm","2021-09-01 00:17:43.359Z",47083.4,47154.96
"exness","BTCUSDm","2021-09-01 00:17:44.578Z",47087.51,47156.91
"exness","BTCUSDm","2021-09-01 00:17:45.588Z",47091.86,47152.17
"exness","BTCUSDm","2021-09-01 00:17:46.613Z",47092.67,47152.8
"exness","BTCUSDm","2021-09-01 00:17:47.264Z",47087.03,47152.57
"exness","BTCUSDm","2021-09-01 00:17:47.765Z",47074.32,47151.34
"exness","BTCUSDm","2021-09-01 00:17:48.002Z",47057.22,47151.85
"exness","BTCUSDm","2021-09-01 00:17:49.013Z",47058.59,47143.51
"exness","BTCUSDm","2021-09-01 00:17:49.810Z",47060.97,47149.99
"exness","BTCUSDm","2021-09-01 00:17:50.043Z",47064.84,47165.6
"exness","BTCUSDm","2021-09-01 00:17:50.809Z",47071.18,47169.4
"exness","BTCUSDm","2021-09-01 00:17:51.876Z",47084.11,47159.02
"exness","BTCUSDm","2021-09-01 00:17:52.020Z",47068.18,47159.01
"exness","BTCUSDm","2021-09-01 00:17:52.379Z",47053.71,47153.83
"exness","BTCUSDm","2021-09-01 00:17:52.971Z",47048.58,47148.22
"exness","BTCUSDm","2021-09-01 00:17:53.509Z",47061.3,47162.15
